2768 3277
1366 152 1434 206 12

306 317 468 359 saeculo
505 318 710 373 corrumpi
747 325 786 357 et
825 313 1059 370 interpolari
1094 314 1356 355 Terentianus
1392 314 1546 356 fabulas
1585 316 1781 371 potuisse,
1824 329 1906 357 non
1946 319 2124 373 potuisse
2163 328 2255 360 ante
2293 328 2480 374 quartum

315 381 519 422 saeculum
549 378 787 438 opinemur?
2108 399 2119 403 -

438 448 477 486 N
480 460 555 485 unc
579 451 726 492 autem,
748 442 905 482 tametsi
923 441 1033 481 vobis
1052 439 1288 480 emendandi
1307 442 1515 481 materiam
1538 442 1764 498 praeripere
1786 441 1984 492 nolumus,
2006 443 2163 496 aliquot
2179 444 2479 495 saltem‘exem-

309 509 402 564 plis,
420 524 499 560 qua
520 508 673 547 ratione
689 521 737 546 eo
751 507 792 544 in
809 505 970 560 negotio
988 503 1226 543 versandum
1244 504 1305 551 sit,
1324 505 1643 560 significabimus,
1661 506 1888 560 promiscue
1905 507 1950 545 iis
1970 522 1990 546 e
2009 508 2148 558 quovis
2167 523 2309 563 genere
2331 511 2479 565 petitis.

309 572 522 613 periochae
543 587 581 613 v.
605 574 646 614 5.
668 577 836 626 apparet
858 571 1006 610 amoris
1021 568 1418 623 interpretamentum
1434 583 1517 608 esse
1534 572 1600 609 rei
1614 568 1733 617 vocis,
1751 577 1791 610 et
1809 568 2084 625 Apollinarem
2101 570 2330 613 huiusmodi
2354 573 2479 626 quid-

310 637 402 677 dam
416 636 608 692 scriptum
626 633 850 686 reliquisse:
862 632 1026 686 samam
1041 634 1107 673 rei
1120 632 1192 673 Ea:
1201 630 1340 685 fratre
1355 635 1397 673 t‘n
1417 648 1503 674 sese
1522 630 1810 685 transferebat,
1824 633 1901 673 nisi
1917 635 2039 675 mavis
2057 635 2129 676 Ex
2144 636 2224 686 illo,
2247 635 2308 676 vel
2326 638 2377 678 In
2392 653 2479 680 sese

307 706 359 741 tr.
381 714 548 740 omnem:
581 713 673 738 nam
694 713 781 738 sese
802 712 878 752 pro
900 713 943 738 se
967 696 1204 736 servandum
1227 697 1459 736 necessario.
1510 695 1670 751 Prologi
1692 711 1728 735 v.
1754 699 1795 737 4.
1816 698 2007 747 quoniam
2028 702 2109 739 erit
2128 707 2313 755 correpta
2335 700 2476 740 ultima

305 771 543 818 usurpatum
564 761 830 802 demonstrari
851 761 965 801 nullo
988 760 1110 800 modo
1133 767 1278 814 potest,
1308 759 1350 798 in
1372 761 1415 801 D
1436 767 1567 799 autem
1589 758 1755 811 aliisque
1779 768 1838 799 est
1859 762 1940 801 erit
1960 766 2019 809 et,
2051 777 2132 814 quo
2155 772 2335 817 spectare
2357 764 2476 803 etiam

304 829 431 880 eripit
458 825 636 875 videtur,
670 823 802 865 deleto
833 828 913 866 erit
942 822 1178 879 simpliciter
1200 837 1289 862 cum
1315 822 1454 863 Bothio
1476 826 1516 863 et
1546 822 1817 862 scribendum:
1851 823 1963 863 cuius
1994 838 2117 880 opera
2138 826 2259 865 etiam
2281 841 2317 865 v-
2342 830 2415 870 53.
2435 835 2476 867 et

306 891 360 940 ΙΙ,
395 893 469 932 41.
503 902 593 929 vere
624 888 801 928 restituti
834 896 941 928 sunt.
1005 885 1116 927 Alios
1155 899 1385 925 succurrere
1418 886 1545 925 versui
1586 885 1743 926 sublato
1782 889 1899 927 eritis
1935 886 2104 927 voluisse
2136 889 2215 930 BG
2246 888 2475 929 ostendunt.

308 956 359 992 V.
394 958 432 996 5.
465 954 529 992 vix
560 960 620 992 est
649 952 762 1005 quod
793 966 1025 993 moneamus
1058 950 1156 990 duci
1183 948 1403 1001 idsactum
1423 953 1604 1004 oporteat
1624 949 1879 989 scribendum
1902 966 2005 990 esse:
2039 951 2080 990 id
2102 952 2211 1003 quod
2234 949 2303 991 diu
2325 951 2475 992 factum

306 1017 488 1072 oportuit
525 1029 758 1069 quanquam
796 1024 935 1056 contra
972 1013 1112 1054 Faerni
1142 1013 1433 1064 testimonium,
1466 1013 1573 1066 quod
1603 1013 1735 1069 ipsum
1765 1028 1871 1053 nunc
1904 1013 2048 1053 falsum
2079 1030 2163 1055 esse
2195 1016 2475 1070 comperimus.

306 1082 455 1120 Scenae
486 1081 517 1129 I,
554 1083 625 1122 15.
655 1078 811 1136 pridem
843 1078 1016 1118 dubitari
1047 1076 1240 1116 debuerat
1271 1075 1317 1114 de
1347 1091 1480 1117 versus
1508 1077 1633 1125 exitu,
1675 1084 1757 1116 tam
1787 1075 1857 1117 illo
1881 1077 2121 1118 inconcinno
2145 1086 2190 1118 ut
2217 1077 2317 1117 nihil
2342 1093 2474 1134 supra.

304 1145 520 1184 Pristinam
543 1145 781 1198 scripturam
804 1158 825 1181 e
848 1142 1039 1181 Bembino
1062 1141 1118 1179 sic
1142 1141 1425 1180 instauramus:
1447 1145 1508 1182 set
1519 1140 1661 1192 fratre
1682 1155 1734 1180 ea:
1750 1155 1845 1181 meo.
1869 1142 2079 1182 Dissimile·
2097 1145 2133 1182 τέ
2153 1142 2288 1182 studio
2310 1147 2372 1182 est
2391 1160 2473 1181 —:

304 1222 384 1260 qua
413 1207 568 1247 ratione
599 1205 716 1246 simul
745 1205 863 1261 origo'
887 1204 1131 1261 perspicitur
1160 1203 1369 1243 doehse'mz'lt‘s
1400 1205 1628 1260 scripturae.
1694 1205 1845 1244 Contra
1866 1219 1949 1245 non
1970 1212 2031 1245 est
2052 1204 2337 1257 dubitandum,
2377 1206 2474 1257 quin

304 1286 339 1307 v.
374 1276 445 1313 30.
481 1270 698 1308 rectissime
730 1284 769 1308 se
800 1269 945 1307 habeat
975 1270 1167 1317 insuerit,
1200 1267 1450 1322 corruptelae
1481 1276 1613 1307 autem
1643 1267 1753 1306 sedes
1784 1267 1854 1307 illa
1884 1269 1953 1316 sit,
1987 1282 2106 1320 quam
2137 1274 2243 1307 nunc
2266 1270 2475 1323 occupavit

306 1336 533 1389 importune
555 1332 799 1373 inculcatum
821 1332 1000 1374 Audebit
1019 1331 1196 1371 verbum.
1262 1331 1309 1370 V.
1334 1333 1407 1373 48.
1429 1331 1661 1371 eiiciendum
1677 1345 1760 1384 par
1781 1330 1975 1387 glossema
1999 1335 2177 1387 Guyetus
2195 1333 2377 1387 pervidit.
2425 1333 2474 1380 II,

307 1402 380 1440 38.
403 1397 522 1437 etiam
545 1396 628 1437 sine
650 1395 763 1436 libris
795 1396 850 1436 sic
881 1394 1180 1435 collocandum:
1216 1395 1367 1435 Amat?
1397 1391 1423 1434 α’
1453 1409 1512 1435 me
1541 1397 1749 1448 argentum
1778 1391 1961 1446 da'bz'tur,
1993 1395 2087 1436 dum
2115 1398 2194 1436 erit
2224 1393 2473 1438 cdmmodwm.

304 1461 384 1509 Qui
408 1475 542 1499 versus
566 1460 644 1498 dici
667 1461 805 1511 nequit
826 1473 946 1510 quam
969 1460 1019 1496 sit
1042 1459 1183 1495 misere
1206 1472 1229 1496 a
1251 1460 1406 1513 Guyeto
1429 1467 1468 1497 et
1491 1459 1632 1497 Bothio
1655 1459 1908 1513 deturpatus:
1950 1457 2103 1499 Ατηᾰί.ρ
2142 1460 2306 1498 dabitur
2331 1459 2473 1512 arge'n-

304 1528 387 1563 tum
409 1539 444 1562 e.
467 1539 504 1575 q.
529 1538 560 1561 s-
626 1523 816 1562 Graviora
839 1521 1033 1574 quaedam
1057 1520 1341 1579 decerpsimus,
1368 1535 1495 1575 pauca
1525 1537 1572 1560 ex
1602 1520 1756 1561 multis:
1791 1522 1839 1561 de
1862 1523 2002 1562 ceteris
2026 1522 2256 1577 disputandi
2279 1521 2375 1561 olim
2399 1523 2474 1561 erit

305 1586 603 1641 opportunitaS.
668 1585 789 1635 Quod
819 1584 1019 1637 reliquum
1050 1591 1132 1631 est,
1174 1582 1320 1632 valete,
1354 1583 1659 1635 scholarumque
1692 1599 1788 1636 quas
1819 1584 1928 1624 vobis
1960 1584 2064 1624 infra
2087 1585 2237 1640 positas
2261 1585 2471 1624 indiximus

305 1652 490 1690 varietate
512 1657 619 1690 recte
643 1650 819 1697 utimini,
852 1656 890 1688 et
913 1663 1033 1700 quam
1055 1647 1223 1699 quisque
1245 1647 1354 1687 norit
1376 1656 1501 1687 artem
1524 1648 1565 1686 in
1587 1646 1661 1686 hac
1684 1663 1724 1687 se
1748 1657 1937 1690 exerceat.

740 1735 824 1773 Ser.
847 1731 1104 1773 Vratislaviae
1126 1731 1195 1771 ID.
1217 1731 1432 1772 SEXTIL.
1455 1735 1501 1772 A.
1522 1730 2020 1774 CIDIOCCCXXXVIII.
