2768 3277
1296 113 1333 169 7
1348 146 1351 149 .

226 284 331 318 Βηοι,
353 286 385 319 1.
406 284 441 317 2.
463 280 518 313 ibi
539 279 657 323 nosm',
678 278 719 322 F,
740 287 853 311 omnes
872 275 1004 310 Fumi.
1133 273 1243 308 Cesse
1265 262 1303 307 se
1324 274 1449 308 venire
1471 275 1509 307 0.
1636 275 1696 319 en]
1716 285 1780 309 nen
1802 277 1843 308 Ε.
1867 259 2110 319 ιίὺίἨιιΜ.,
2133 270 2182 310 ιδ.
2206 286 2268 310 vet.
2294 278 2394 311 West.

371 343 492 378 saciu-
513 345 555 376 Ε.
711 347 767 375 ent
786 353 851 374 om.
873 340 979 374 Berol.
1001 338 1034 374 8.
1172 340 1205 373 5.
1249 347 1323 382 qne
1343 339 1385 370 E.
1522 344 1561 371 te
1582 338 1687 382 uxor]
1709 343 1813 371 texor
1834 340 1872 371 A.
2010 340 2102 372 dixit
2123 342 2164 372 Ε.
2304 350 2398 384 quae

225 422 298 455 sup.
325 420 388 443 xr-
411 410 480 442 Ien.
503 406 641 442 Waleh.
654 416 725 450 que
745 407 817 439 ΔΕ.
965 405 999 439 6.
1019 412 1090 446 que
1112 402 1153 434 Ε.
1280 401 1437 446 pxopicii
1456 401 1500 434 Ε.
1530 402 1682 446 propitii
1703 400 1896 435 declarant
1915 404 1986 437 Im.
2008 405 2091 437 Perl.
2113 412 2145 437 et
2167 404 2273 437 meh.

225 479 257 511 7.
299 479 360 506 tae
381 475 424 506 Ε.
568 474 610 506 8.*
641 474 719 503 tete
734 468 854 502 ABCF
871 476 902 500 et
931 479 977 499 m.
998 477 1048 509 pr.
1076 466 1124 507 D,
1147 465 1258 497 Βοιώ.
1285 474 1317 497 ιε
1346 464 1424 496 Bas.
1451 465 1586 505 Fanni,
1614 465 1769 498 nonnulli
1797 466 1905 498 Bentl.
1935 473 1973 499 te
1994 469 2028 502 D
2049 477 2121 510 post
2142 478 2205 501 ras.
2228 469 2274 502 de
2296 475 2334 501 te
2356 470 2397 506 Ε,

228 538 314 570 γίεεὶ
332 541 439 569 cette
458 534 567 567 Berol.
589 537 623 570 2.
773 537 885 575 ntque
913 531 1030 571 nostri,
1061 530 1105 571 F,
1124 528 1278 570 ‚,iia2m“
1299 528 1421 560 Fumi
1440 530 1540 569 (unse
1560 542 1653 573 quem
1675 530 1839 571 legebatur
1862 533 1953 571 aut),
1981 542 2091 562 omnes
2112 531 2234 572 Remi„
2256 531 2399 573 plerique

227 600 345 643 ng„
373 598 478 631 Berol.
507 598 540 634 8.
690 594 731 627 in
759 593 883 626 animo
913 593 952 626 F.
1099 594 1133 628 9.
1178 599 1283 637 totum
1311 602 1376 624 om.
1408 594 1444 625 A.
1592 592 1638 624 Et
1665 593 1801 636 BDEF,
1831 603 1942 626 omnes
1972 593 2104 635 Fama,
2126 594 2270 636 plerique
2289 594 2398 627 Bentl.

225 663 349 694 omittit
371 660 481 702 Gueff.
502 664 534 695 2.
558 644 602 691 nit
624 658 662 689 C.
810 657 880 687 sibi
904 665 990 687 cum
1011 655 1057 685 D.
1082 665 1167 686 cum
1190 654 1259 685 sibi
1280 655 1365 694 rell„
1387 653 1494 695 Guelf.
1517 656 1549 689 8.
1655 659 1706 690 10.
1749 657 1846 688 redit
1868 658 1907 688 A.
2014 666 2083 699 que
2102 645 2146 688 Ε.
2256 661 2306 692 11.
2352 658 2399 688 Et

226 736 343 777 nostri,
376 735 416 776 F,
445 744 557 766 omnes
584 732 717 764 Faerni.
748 742 812 763 om.
836 716 1044 770 zm'Beml„
1065 729 1168 770 Frib„
1191 728 1302 769 Guelf.
1324 732 1357 763 2.
1503 707 1672 760 sollic⁵tor
1694 730 1730 761 C.
1878 737 1943 763 aut
1964 742 2029 763 om.
2051 733 2121 762 Ien.
2146 733 2250 763 chh.

227 804 295 836 12..
318 796 561 841 praefregerit
582 794 713 837 ACDF,
746 804 857 827 omnes
872 792 948 834 fere
968 789 1102 833 Faerni,
1127 790 1325 832 Bentleiam‘,
1348 791 1449 824 Berol.
1473 794 1503 826 1.
1524 793 1557 827 2.
1580 800 1611 824 et
1634 803 1678 823 m.
1700 803 1749 834 pr.
1773 793 1904 834 Argent.
1927 795 2175 838 praefi-egeret
2197 796 2238 827 Ε.
2262 795 2398 836 perfre-

227 860 323 905 gerit
344 861 384 892 Β.
535 860 586 894 13.
632 857 766 900 aliquit
795 855 865 888 vah
896 855 934 885 A.
966 852 1107 895 aliquid
1134 852 1203 885 vah
1230 851 1361 884 BCDF.
1391 852 1530 896 aliquid
1559 853 1651 885 vahn
1680 855 1734 886 E.'
1875 855 1996 887 anima
2025 856 2157 900 ADEF,
2187 865 2249 889 tres
2280 857 2396 889 Boecl..

227 925 295 957 cod.
319 923 413 966 Lips.
437 931 468 955 et
489 929 551 953 vet.
574 920 622 953 ed.
646 921 760 960 West„
795 917 902 949 Berol.
927 917 1026 987 1.¹2.,
1057 915 1169 957 Guelf.
1189 918 1222 951 2.
1244 918 1277 951 8.
1302 915 1465 948 animum
1486 915 1545 947 Bc
1565 917 1642 956 (sed
1663 916 1717 948 hic
1739 927 1763 948 u
1786 928 1802 948 e
1823 919 1938 958 corn),
1961 919 2031 949 Pal.
2053 920 2147 952 Fabr.
2296 922 2401 951 insti—

977 968 987 987 ὲ

226 1003 331 1030 tuere
353 1004 429 1029 ante
449 995 490 1028 in
513 995 636 1027 animo
658 993 794 1026 collocat
814 991 858 1024 D.
881 990 1046 1022 instuere
1068 988 1105 1020 C.
1129 988 1323 1022 instituere
1346 989 1497 1032 dignum
1519 989 1559 1022 13.
1686 989 1739 1026 14.
1782 1001 1910 1032 parere
1932 992 1970 1024 F.
2096 993 2173 1035 ipse
2195 1000 2251 1026 est
2265 995 2396 1026 ADEF.

161 1048 168 1055 ⁶
226 1059 304 1103 ipse
326 1059 376 1091 sit
396 1057 465 1100 Bc,
487 1056 598 1101 Guelj.
620 1058 653 1093 8.
781 1055 834 1089 15.
878 1053 1000 1094 Atque
1027 1051 1156 1094 nostri,
1187 1051 1227 1093 F,
1258 1051 1368 1084 Bemb.
1398 1061 1452 1094 „et
1478 1051 1565 1083 ιιῑίίμ
1593 1052 1725 1097 Faerni,
1755 1054 1898 1098 plerique
1926 1054 2048 1096 Beml„
2081 1055 2152 1089 Pal.
2174 1055 2270 1089 Fabr.
2297 1059 2397 1100 utqui

227 1123 361 1163 quidam
392 1123 494 1153 West.
642 1124 751 1150 natus
780 1127 855 1148 non
886 1120 942 1146 est
971 1115 1090 1154 nostri,
1116 1113 1156 1154 F,
1179 1126 1290 1146 omnes
1310 1116 1448 1148 Faerni:
1470 1124 1548 1146 ante
1567 1127 1659 1157 quem
1680 1118 1874 1158 vulgabatur
1896 1128 1970 1149 non
1992 1124 2101 1149 natus
2124 1125 2190 1150 est.
2338 1122 2400 1152 sed

227 1184 389 1218 BCDEF.
531 1193 574 1215 ex
596 1182 712 1215 fratre
733 1190 816 1212 meo
838 1178 877 1211 A.
902 1187 944 1209 ex
966 1175 1093 1209 fratre.
1117 1176 1147 1209 is
1170 1177 1258 1211 adeo
1281 1177 1351 1211 rell.
1488 1181 1537 1214 16.
1561 1179 1595 1211 Is
1619 1179 1787 1213 dissimili
1815 1183 1853 1214 A.
1877 1181 2064 1213 dissimilis
2086 1191 2164 1215 ante
2186 1195 2249 1215 ras.
2276 1184 2313 1221 C,
2338 1194 2400 1215 tres

229 1247 336 1279 Bmtl.
361 1247 466 1287 (unus
486 1245 547 1278 IX.
570 1244 680 1285 suem),
703 1242 808 1274 Berol.
833 1243 864 1275 1.
888 1237 1060 1270 dissimili
1082 1239 1216 1272 BDEF.
1343 1240 1417 1272 iem
1443 1251 1506 1273 om.
1538 1243 1608 1273 Ien.
1635 1242 1717 1275 Perl.
1748 1243 1851 1275 chh.
1979 1243 2226 1276 adolescentia
2256 1244 2293 1276 F.
2318 1245 2400 1277 ado-

229 1332 414 1365 lescencia
434 1333 477 1362 Ε.
606 1333 658 1365 17.
701 1330 826 1360 ocium
847 1330 888 1359 E.
911 1299 1038 1359 {tbi-1³:13¹
1058 1323 1156 1356 Goth.
1180 1329 1211 1359 1.
1341 1329 1391 1361 18.
1433 1333 1592 1358 sectatus
1615 1337 1696 1358 sum
1717 1328 1885 1360 Hassmst.
2013 1338 2085 1370 quo
2108 1328 2218 1369 Guelf.
2241 1331 2272 1363 5.

230 1399 280 1431 19,
323 1395 392 1427 hec
414 1395 454 1427 Ε.
599 1393 751 1428 ω-26.
793 1391 827 1422 D
850 1390 943 1423 habet
965 1391 1002 1422 in
1024 1400 1121 1430 mrg.,
1156 1388 1212 1420 sed
1234 1400 1277 1420 m.
1300 1400 1348 1430 pr.
1472 1393 1526 1425 2ο.
1572 1401 1678 1433 agere
1708 1392 1821 1423 vitam
1844 1402 1989 1433 semper
2010 1399 2072 1422 vet.
2096 1391 2145 1422 ed.
2171 1392 2270 1424 lVest.

228 1461 283 1494 22.
309 1456 399 1490 .duo
423 1460 510 1489 sunt
531 1454 639 1498 Guelf.
661 1456 693 1489 2,
839 1453 1039 1497 magiorem
1061 1453 1102 1484 Ε.
1248 1453 1302 1488 28.
1346 1452 1495 1495 parvulo
1528 1452 1688 1486 BCDEF.
1833 1456 1886 1489 24.
1931 1453 1969 1486 id
1992 1452 2061 1496 est]
2090 1452 2189 1486 idem
2213 1455 2252 1485 E.

230 1535 282 1567 25.
325 1533 416 1564 item
444 1529 600 1571 ABCEF,
631 1529 700 1561 cod.
730 1528 834 1560 Rivii.
872 1509 969 1559 iflem
997 1527 1044 1558 D.
1065 1526 1196 1558 itidem
1218 1526 1408 1567 „plusculi‘⁸
1430 1527 1530 1558 West.
1553 1527 1649 1559 idem
1670 1528 1732 1559 alii
1753 1528 1867 1568 West.,
1890 1526 2002 1569 GU‘if·
2026 1529 2055 1561 1.
2078 1529 2109 1561 2.
2258 1529 2403 1571 sedulo]

232 1596 275 1627 ad
298 1606 335 1627 se
358 1593 444 1626 dulo
467 1594 503 1625 A.
608 1593 662 1627 26.
717 1591 841 1622 omnia
862 1591 890 1622 A
920 1601 941 1620 a
971 1600 1013 1621 m.
1042 1599 1107 1620 sec.
1137 1600 1201 1620 om.
1234 1590 1275 1621 Ε.
1380 1592 1432 1624 28.
1473 1584 1578 1632 p'atre
1608 1589 1714 1632 Guelf.
1738 1594 1781 1631 1.,
1810 1591 1899 1623 codd.
1922 1589 2057 1631 quidam
2078 1598 2109 1621 et
2130 1600 2190 1623 vet.
2213 1593 2261 1624 ed.
2285 1594 2398 1625 lVest..

231 1687 393 1720 „vetusta
419 1677 577 1718 quaedam
605 1675 836 1716 exemplaria“
874 1677 949 1708 Riv.
979 1645 1100 1718 pagg-:³
1130 1676 1174 1706 E.
1342 1684 1412 1716 que
1435 1673 1475 1705 Ε.
1642 1673 1896 1706 adulescencia
1918 1676 1957 1706 E.
1988 1675 2171 1707 adulescia
2194 1676 2233 1707 F.

230 1746 284 1778 29.
330 1741 448 1774 caelet
468 1740 514 1771 D.
685 1747 831 1770 consue.
854 1737 939 1770 feci.
963 1750 1037 1770 cum
1059 1748 1175 1769 rasura
1197 1736 1232 1769 C.
1251 1736 1370 1767 ultima
1392 1737 1500 1767 littera
1521 1741 1539 1768 t
1560 1744 1639 1768 erat.
1814 1738 1866 1771 80.
1910 1737 2042 1769 fallare
2065 1738 2109 1770 D.
2278 1740 2400 1771 insue-

232 1807 327 1838 verit
355 1805 394 1845 A,
427 1791 540 1844 „cliff‘
570 1800 693 1841 Bentl.,
720 1799 819 1833 Goth.
842 1803 872 1835 1.
903 1801 1062 1834 insuerit
1083 1800 1184 1833 BCD.
1214 1799 1373 1831 insuevit
1393 1798 1462 1831 EF.
1610 1805 1749 1842 patrem
1772 1803 1837 1830 aut
1859 1799 2007 1831 audebit
2029 1800 2187 1833 ABCDF.
2209 1807 2312 1844 patre
2335 1809 2398 1833 aut

240 1866 388 1899 audebit
409 1867 450 1898 E.
474 1870 538 1896 aut
559 1862 708 1896 audebit
729 1875 793 1896 om.
816 1865 950 1905 quidam
974 1867 1074 1898 West.
1170 1866 1221 1899 81.
1245 1868 1406 1895 caeteros
1430 1863 1466 1895 F.
1489 1869 1650 1896 cetaeros
1671 1864 1715 1895 D.
1813 1865 1865 1898 82.
1909 1863 1958 1905 et]
1983 1869 2047 1894 aut
2067 1865 2108 1896 Ε.
2212 1863 2397 1895 liberitate

234 1941 276 1973 D.
299 1940 471 1972 libertate
493 1940 533 1970 E·
673 1939 725 1973 83.
769 1938 887 1971 sacius
909 1939 950 1970 Ε.
1086 1938 1138 1974 84.
1180 1937 1249 1970 hec
1272 1938 1312 1968 E.
1451 1921 1650 1971 co'ireniunt
1674 1938 1709 1970 C.
1834 1938 1886 1971 85.
1929 1937 1972 1968 ad
1995 1947 2053 1969 me
2077 1932 2181 1978 sssepe
2204 1937 2396 1969 clamitans

234 2003 339 2035 nostri
369 2000 456 2040 (nisi
484 2001 569 2042 quod
590 2001 620 2032 Ε
642 1999 756 2042 sepe),
789 2000 829 2041 F,
859 2000 967 2033 Bemb.
996 2001 1073 2033 Bas.
1099 2001 1181 2032 Vict.
1212 2008 1268 2042 „et
1292 2000 1390 2031 multi
1409 1999 1494 2031 alii“
1526 2001 1658 2043 Faerni,
1688 2001 1884 2040 Bentleiani,
1915 2011 2022 2031 omnes
2051 1999 2179 2041 Laengii.
2204 1999 2397 2032 clamitans

234 2066 373 2108 affertur
393 2064 494 2095 etiam
516 2075 532 2095 e
553 2063 662 2105 Guelf.
687 2065 716 2097 1.
738 2065 769 2098 2.
790 2065 822 2099 8.
846 2074 952 2106 saepe
975 2064 1019 2096 ad
1041 2075 1100 2097 me
1123 2063 1316 2096 clamitans
1338 2072 1413 2095 ante
1432 2063 1607 2095 Faernum.
1733 2065 1785 2098 86.
1817 2063 2025 2095 adolescens
2046 2064 2087 2096 E.
2214 2064 2267 2098 87.
2295 2070 2398 2104 putat

233 2131 269 2162 A,
419 2132 609 2168 sumptum
630 2127 671 2167 A,
700 2127 805 2167 aliqui
825 2127 959 2168 Faerni,
987 2127 1073 2158 inter
1093 2137 1172 2170 quos
1193 2127 1301 2159 Bemb.
1324 2131 1488 2168 sumptus
1512 2127 1671 2166 BCDEF,
1701 2138 1811 2158 omnes
1839 2127 1963 2166 Beml„
1996 2126 2131 2166 quidam
2155 2127 2254 2158 West.

233 2196 286 2230 38.
332 2190 478 2224 vestitui
503 2189 570 2221 cod.
592 2189 698 2223 Boecl.
721 2188 897 2221 vestitum
918 2188 1031 2233 Guels.
1054 2193 1086 2225 2.
1224 2190 1382 2222 nimium
1403 2189 1535 2222 Mediol.
1560 2193 1588 2223 1.
1610 2191 1640 2223 2.
1663 2189 1773 2232 Guelf.
1795 2193 1824 2225 2.
1849 2190 1958 2221 nimis
1981 2190 2086 2222 Berol.
2110 2192 2142 2224 2.
2220 2221 2229 2224 ,
2281 2190 2399 2221 indul-

234 2257 287 2297 gis
309 2256 348 2294 A,
372 2253 478 2284 Bemb.
501 2253 596 2283 Fabr.
742 2253 795 2287 39.
837 2252 914 2293 ipse
935 2263 1007 2294 sup.
1030 2263 1091 2283 scr.
1118 2254 1158 2283 Ε.
1286 2257 1342 2284 est
1363 2254 1473 2284 durus
1496 2254 1564 2292 ΑΕ,
1582 2253 1686 2285 Berol.
1708 2257 1752 2292 2.,
1776 2253 1883 2285 Bemb.
1905 2253 2036 2285 Faerni.
2058 2252 2170 2284 durus
2193 2258 2248 2284 est
2270 2253 2397 2284 BCDF.

236 2327 348 2349 omnes
359 2301 467 2348 Bentl.
558 2323 785 2356 aequomque
812 2318 848 2346 et
860 2315 897 2346 A.
922 2324 1154 2356 aequumque
1167 2318 1205 2346 et
1221 2314 1350 2347 BCDF.
1372 2301 1500 2355 aequm
1516 2320 1554 2347 et
1566 2316 1606 2347 Ε.
1620 2326 1778 2357 aequum
1796 2322 1834 2347 et
1846 2316 1954 2357 Guels.
1974 2317 2022 2356 2.,
2034 2315 2105 2346 cod.
2121 2315 2214 2346 Bodl.
2229 2324 2259 2346 et
2275 2324 2333 2346 vet.
2350 2316 2399 2348 ed.

236 2381 347 2420 Wcst„
372 2387 436 2410 tres
458 2377 562 2409 Boaecl.
632 2382 636 2386 ’
667 2375 722 2411 40.
746 2376 870 2419 longe]
893 2376 1054 2409 multum
1076 2377 1180 2409 Berol.
1202 2377 1235 2410 8.
1279 2388 1290 2395 -
1342 2373 1508 2418 equidem
1530 2377 1598 2408 Bc.
1709 2379 1897 2410 sentencia
1919 2379 1959 2408 E.
2075 2383 2112 2408 et
2134 2382 2232 2408 errat
2252 2376 2400 2418 quidem

236 2474 317 2495 mea
338 2463 448 2506 longe
470 2461 654 2493 sententia
675 2458 787 2503 Gueff.
810 2464 841 2496 1.
985 2462 1038 2497 41.
1081 2431 1365 2504 qui¹i⁸122pefium
1387 2462 1425 2493 E.
1559 2462 1611 2497 42.
1655 2462 1823 2494 amicicia
1845 2463 1883 2493 E.
2016 2436 2204 2504 adiungitur
2226 2460 2262 2492 C.

235 2529 289 2564 48.
333 2528 385 2559 sic
407 2531 462 2559 est
483 2525 599 2567 nostri,
623 2524 661 2565 F,
687 2535 799 2557 omnes
819 2524 953 2564 Fanni,
977 2525 1095 2556 Bentll.
1119 2529 1175 2556 est
1197 2524 1249 2556 sic
1272 2533 1349 2556 ante
1369 2524 1482 2556 Faern.
1620 2525 1720 2557 racio
1743 2526 1782 2555 E.
1806 2530 1871 2563 „et
1893 2532 1963 2565 post
1985 2524 2105 2556 κατίοι*
2127 2522 2239 2565 ΘιιιζῙ.
2261 2526 2294 2559 2.
2316 2523 2401 2555 Perl.

361 2590 459 2622 enim
483 2588 519 2628 C,
545 2599 587 2619 m.
611 2598 672 2619 sec.
697 2579 868 2619 addito-ff.
994 2588 1047 2622 44.
1091 2593 1240 2620 coactus
1263 2588 1328 2630 qui
1350 2597 1455 2619 suum
1478 2587 1604 2618 ABEF.
1628 2592 1775 2619 coactus
1799 2587 1862 2629 qui
1885 2586 1921 2619 C.
1945 2591 2075 2619 coactu
2100 2597 2209 2618 suum
2230 2587 2277 2618 D.

235 2655 287 2688 45.
328 2658 436 2696 pavet
458 2653 496 2684 A.
521 2656 625 2683 cavet
647 2651 716 2682 rell.
862 2652 916 2686 46.
960 2661 1107 2683 rursum
1136 2649 1294 2682 BCDEF
1317 2658 1349 2682 et
1378 2661 1424 2693 pr.
1454 2661 1497 2681 m.
1525 2651 1562 2690 A,
1583 2649 1659 2692 sere
1685 2660 1794 2682 omnes
1816 2650 1922 2681 Bentl.
1948 2659 2074 2681 rursus
2095 2660 2166 2692 sup.
2188 2660 2251 2682 scr.
2276 2652 2315 2689 A,
2338 2652 2404 2682 cod.

236 2717 329 2748 Bodz.
353 2716 451 2747 Waest.
483 2714 648 2756 „Antiqui
675 2714 752 2745 libri
780 2722 905 2756 praeter
932 2714 1011 2746 Bas.
1042 2723 1074 2746 et
1094 2725 1206 2746 omnes
1223 2714 1300 2755 sere
1326 2714 1388 2746 alii
1418 2722 1551 2745 rursus.
1595 2715 1701 2745 Immo
1723 2712 1831 2744 Bemb.
1853 2713 1947 2753 prius
1968 2712 2104 2745 habebat
2124 2724 2292 2745 rursum:
2317 2722 2353 2745 ut
2374 2723 2405 2745 et

237 2777 331 2809 habet
352 2777 458 2808 Bae-‘⁴
486 2776 649 2809 FAERN.
797 2777 849 2812 47.
896 2776 968 2808 Ille
995 2787 1106 2819 quem
1135 2777 1251 2816 nostri,
1283 2775 1322 2819 F,
1345 2775 1482 2817 plerique
1510 2776 1627 2818 Leng.,
1658 2787 1713 2818 pro
1756 2786 1816 2817 quo
1845 2776 1925 2807 olim
1956 2776 2075 2819 Quem
2097 2776 2259 2808 edebatur.

237 2840 290 2876 48.
313 2850 379 2883 par
399 2840 478 2882 pari
501 2840 639 2872 referre
658 2838 769 2881 Guelf.
791 2841 823 2875 8.
846 2840 943 2881 Perl.,
965 2839 1075 2881 Guelf.
1098 2842 1129 2875 1.
1153 2840 1250 2872 Both.
1377 2839 1575 2881 absensque
1598 2838 1756 2870 ABDEF.
1779 2838 2003 2881 absensquae
2027 2839 2064 2871 C.
2089 2840 2215 2871 absens
2238 2839 2341 2870 Berol.
2356 2840 2402 2873 3..
