2768 3277
1274 141 1315 206 Β

207 313 507 374 impetraverat3
529 315 812 360 Dmebnenst’s
825 314 951 371 longe
965 314 1146 355 omnium
1161 313 1479 370 pulcherrimus3
1501 314 1706 370 Slu'pPem
1723 321 1994 372 pervetustus3
2016 314 2240 356 Bodlet'am'
2255 310 2380 369 quini

207 392 285 436 que
314 395 335 418 a
364 380 516 421 Laudio
538 380 690 428 donati,
719 394 810 420 cum
831 378 920 418 aliis
943 376 1256 420 ommentans:
1296 379 1442 430 quibus
1465 378 1565 419 duo
1557 386 1819 419 accesserunt
1841 379 2022 433 impressi
2046 378 2152 426 libri,
2174 377 2291 417 alter·
2297 378 2379 417 Ca-

208 442 388 492 sauboni,
420 441 524 483 alter
543 443 646 483 Tan.
675 442 793 483 Fabri
826 441 1098 481 notationibus
1124 442 1327 490 instructi,
1359 441 1487 481 ductis
1518 450 1562 482 ut
1591 441 1748 482 videtur
1778 457 1798 480 e
1829 441 2034 480 codicibus
2065 441 2163 492 (Noe,
2193 442 2302 496 Νβ).
2343 440 2378 479 Ε

206 505 353 560 quibus
391 506 576 546 omnibus
614 507 790 561 optimos
820 505 963 545 Hariu's
993 493 1155 545 iudicat
1170 505 1378 558 quintum,
1404 505 1605 561 primum,
1638 504 1880 553 secundum,
1915 512 2088 552 sextum,
2121 511 2308 556 quartum
2338 510 2380 544 et
2419 531 2433 536 ⁴-

206 568 407 609 ultimum.
462 569 627 609 Biennio
658 575 753 624 post
782 575 944 607 exortus
967 554 1167 608 Bentleius
1197 567 1395 623 praestitit
1424 568 1533 619 quod
1555 577 1691 608 annot.
1700 568 1755 607 in
1779 569 1877 608 Hor.
1900 569 2025 607 Serrn.
2050 568 2098 616 ll,
2123 573 2162 615 5,
2188 572 2261 609 79.
2283 580 2393 626 spe--

205 632 287 673 rari
309 632 490 673 iusserat.
545 632 582 671 Is
613 631 689 670 nisi
719 637 957 687 apparatum
979 630 1094 671 illum
1116 631 1393 687 Lengianum
1382 645 1514 687 ipsum
1538 630 1755 687 usurpavit,
1788 644 1931 686 magna
1952 639 2058 670 certe
2081 647 2128 671 ex
2151 637 2265 686 parte
2287 638 2384 670 eos*

205 696 297 736 dem
318 695 540 751 Lengianos
563 694 720 734 codices
744 693 1007 750 perpoliendo
1030 695 1222 734 Terentio
1244 693 1437 743 adhibuit,
1468 702 1508 734 et
1529 695 1717 733 adhibere
1746 708 1791 733 eo
1816 694 2066 734 commodius
2089 695 2236 750 potuit,
2269 692 2379 745 quod
2429 713 2436 718 .

204 758 358 815 publici
389 772 529 798 eornm
550 756 733 813 plerique
754 765 882 797 erant.
934 758 1175 810 Quanquam
1197 756 1392 810 quosdam
1421 758 1631 797 accessisse
1655 758 1947 813 Lengianorum
1969 772 2137 797 numero
2159 773 2240 798 non
2262 771 2379 797 com-

204 821 424 878 prehensos
455 819 571 861 facile
595 836 643 861 ex
674 820 721 861 iis
753 820 1079 861 annotationibus
1101 821 1356 877 perspicitur,
1387 820 1531 873 quibus
1553 820 1662 865 velut
1683 822 1834 875 Regios
1856 828 1895 861 et
1915 821 2178 862 Academicos
2200 828 2379 873 antesta-

204 893 291 925 tur:
324 892 369 924 ut
399 891 597 924 taceamus
620 884 868 925 Mendianos
895 883 1075 935 aliosque
1098 884 1187 940 ipso
1209 883 1370 923 n'omiue
1392 884 1582 923 diversos.
1636 886 1824 923 Attamen
1846 883 1953 923 hunc
1976 884 2122 933 locum,
2154 884 2224 936 qui
2247 890 2307 922 est
2329 883 2378 922 de

206 946 445 988 Bentleianis
476 946 603 996 libris,
634 962 708 1003 par
736 954 796 987 est
818 944 1013 987 intactum
1043 947 1109 987 hic
1130 946 1317 1000 relinqui,
1350 962 1440 987 cum
1468 947 1546 987 hoc
1569 945 1700 1004 ipsum
1724 945 1841 1000 quale
1864 947 1915 987 sit
1936 962 2124 999 quaerere
2145 962 2166 988 a
2191 945 2379 987 Philoso-

203 1011 380 1068 phorum
410 1010 562 1051 Ordine
591 1025 722 1068 nuper
749 1010 846 1050 iussi
874 1011 972 1051 sitis.
1032 1012 1171 1052 Restat
1202 1019 1428 1051 exterorum
1459 1026 1581 1060 unus,
1616 1010 1922 1051 Westerhovius
1952 1014 2126 1063 (1726.)
2148 1010 2334 1051 codicum
2356 1025 2380 1048 a

204 1081 330 1114 semet
362 1081 648 1130 usurpatorum
678 1072 794 1130 longe
817 1073 996 1114 Bentleio
1018 1073 1249 1131 diligentior
1272 1075 1393 1115 testis.
1446 1076 1551 1114 Vsus
1574 1081 1633 1114 est
1654 1074 1761 1114 enim
1791 1073 1951 1129 scriptis
1974 1073 2165 1130 exemplis
2189 1073 2377 1115 tredecim

204 1138 287 1177 his:
328 1138 504 1190 quinque
533 1137 822 1187 Letuemibus,
865 1151 1038 1189 quorum
1068 1146 1255 1190 quartum
1285 1140 1380 1178 XV.
1412 1136 1571 1177 saeculo
1602 1138 1755 1186 tribuit,
1785 1138 1973 1189 quintum
2002 1138 2212 1189 antiquum
2243 1145 2378 1183 νοσεῖς

206 1201 361 1241 duobus
391 1200 491 1240 Iusti
520 1201 675 1254 Lt'pst'e’,
707 1213 880 1252 quorum
909 1198 1011 1240 alter
1042 1201 1138 1241 item
1161 1201 1344 1255 migravit
1366 1201 1412 1240 -in
1437 1200 1666 1241 Leidensem
1688 1197 1994 1248 bibliothecam3
2029 1202 2263 1241 Traieciiuo
2285 1214 2379 1239 aca-

206 1263 361 1304 demico
395 1263 522 1304 chart.
552 1278 656 1304 saec.
678 1265 789 1314 XV„
823 1265 1051 1305 Oxom'ense'
1065 1264 1292 1305 academico
1316 1279 1337 1304 e
1359 1263 1469 1304 libris
1492 1264 1651 1314 Bodlei,
1685 1263 1907 1305 Markiana
1931 1262 2045 1303 xm.
2069 1262 2230 1313 saeculi,
2263 1262 2380 1303 deni·

205 1341 284 1380 que
306 1328 552 1379 Graevt'ano,
585 1327 776 1379 Wite‘ano,
808 1327 1229 1369 Boendermalcermno
1259 1327 1445 1367 membrr.
1491 1327 1601 1367 Inter
1632 1334 1827 1367 nostrates
1849 1333 1982 1366 autem
2004 1326 2082 1367 hoc
2105 1326 2266 1380 quidem
2290 1339 2380 1366 sae-

205 1390 299 1431 culo
328 1391 484 1431 codices
515 1391 668 1447 primus
699 1392 980 1447 circumspexit
1011 1392 1191 1441 Bothius,
1225 1392 1382 1444 utrique
1412 1391 1579 1431 editioni
1611 1395 1665 1440 (a.
1695 1398 1826 1433 1806.
1848 1399 1887 1430 et
1916 1391 2278 1440 1822·)>„edhibitis
2302 1390 2380 1429 tri-

203 1455 279 1495 bus
301 1456 644 1505 Berolinensibvs,
676 1456 884 1508 tribusque
906 1454 1241 1509 Guelferbyiam‘a
1270 1470 1439 1507 quorum
1471 1470 1573 1495 unus
1597 1454 1673 1494 suit
1695 1454 1791 1495 olim
1813 1455 2158 1495 Helmtad2·ense·s
2189 1463 2228 1495 et
2249 1469 2379 1509 pecu—

204 1517 293 1558 liari
322 1519 428 1560 Facii
458 1532 580 1573 opera
612 1517 782 1559 collatus
806 1534 890 1559 esse
919 1518 960 1558 in
982 1518 1152 1560 Harlesii
1176 1517 1388 1574 Opusculis
1412 1517 1558 1558 fertur:
1591 1518 1734 1571 quibus
1758 1516 1870 1558 libris
1894 1518 1935 1558 in
1958 1519 2218 1559 annotatione
2242 1517 2379 1558 critica

205 1583 438 1637 posterioris
461 1582 648 1621 editionis
669 1584 835 1621 accessit
857 1583 1025 1621 omissus
1048 1583 1089 1621 in
1112 1582 1357 1638 praefatione
1378 1582 1677 1635 Frz'burgenst‘s.
1720 1582 1918 1622 Halenses
1940 1588 2072 1620 autem
2091 1581 2239 1621 codicis
2259 1579 2379 1619 fidem

204 1653 361 1687 constat
390 1645 548 1684 Brunsii
577 1645 791 1684 editionem
815 1649 990 1696 (1811.)
1016 1645 1312 1701 relig10sissime
1344 1645 1500 1684 imitari.
1554 1646 1656 1684 Tres
1688 1644 2027 1699 Guelferbytanos
2059 1645 2242 1698 (quartus
2274 1644 2380 1683 enim

205 1706 355 1747 scholia
385 1714 543 1747 tantum
572 1707 768 1758 quaedam
796 1707 858 1747 vel
879 1707 1030 1762 glossas
1054 1707 1354 1763 complectitur)
1384 1707 1505 1747 habes
1529 1709 1569 1747 in
1590 1707 1733 1747 Pei-leti
1757 1708 1931 1747 editione
1956 1712 2131 1757 (1821.)
2154 1714 2379 1761 excerptos,

204 1769 273 1822 qui
301 1777 505 1827 praeterea
535 1771 742 1811 Gothanos
773 1770 873 1810 duos
898 1771 1083 1827 inspexit,
1106 1778 1145 1810 et
1167 1785 1213 1810 ex
1237 1772 1401 1812 lenense·
1418 1770 1609 1823 quaedam
1631 1770 1767 1811 attulit
1796 1771 2021 1811 accuratius
2044 1770 2094 1810 ab
2117 1770 2146 1810 Ι.
2171 1772 2220 1811 G.
2242 1768 2378 1809 Muel-

204 1833 289 1873 lero
319 1835 361 1873 in
392 1833 571 1873 Walchii
600 1838 690 1873 Act.
711 1837 800 1876 Soc.
824 1835 907 1872 Ien.
928 1833 955 1872 l.
978 1850 1012 1874 c.
1044 1833 1206 1874 collato.
1259 1836 1441 1885 Vtroque
1472 1835 1661 1874 Gothano
1688 1843 1727 1874 et
1749 1834 2058 1873 Helmstadiensi
2080 1835 2197 1873 etiam
2221 1835 2378 1872 Boetti-

203 1904 319 1951 gerus
343 1911 436 1937 usus
461 1895 501 1936 in
522 1897 637 1952 Spec.
660 1911 751 1937 nov.
774 1895 835 1936 ed.
857 1897 952 1936 Ter.
1008 1896 1187 1948 Denique
1209 1897 1447 1937 nostratium
1477 1897 1599 1937 trium
1621 1897 1996 1951 Rehdigeranorum
2018 1896 2233 1950 specimina
2256 1896 2378 1935 Pinz-

204 1973 320 2014 gerus
351 1958 531 1999 exhibuit
560 1959 601 1999 in
631 1959 801 2000 Seebodi
831 1960 986 1999 Horreo
1017 1958 1118 2015 phil.
1149 1975 1184 1999 a.
1221 1962 1351 2002 1824.
1381 1974 1423 2016 p.
1448 1966 1553 2004 8¹6.
1583 1975 1668 2014 sqq.
1698 1975 1901 2014 unumque
1924 1960 2217 2014 Gryphiensem
2249 1958 2377 1999 Rein—

202 2022 350 2062 holdus
382 2023 528 2062 Adnot.
561 2025 649 2062 crit.
673 2024 713 2062 iu
743 2024 838 2062 Ter.
872 2023 1061 2069 (Primisl.
1093 2028 1242 2074 1830.)
1268 2024 1418 2063 habuit.
1474 2024 1671 2064 Consulto
1701 2033 1832 2064 autem
1863 2024 2212 2079 praetermisimus,
2246 2024 2278 2062 si
2308 2023 2378 2073 qui

205 2084 326 2126 semel
354 2085 462 2125 bisve
494 2094 861 2127 commemorantur
891 2101 914 2127 a
944 2087 1092 2127 criticis
1124 2086 1234 2128 aliud
1264 2085 1483 2143 agentibus,
1516 2095 1561 2127 ut
1589 2088 1630 2127 in
1659 2088 1782 2128 Novis
1812 2090 1940 2128 Lectt.
1968 2088 2144 2129 Cantert‘
2167 2087 2305 2135 codex,
2337 2087 2378 2125 in

205 2150 368 2199 Quaest.
398 2147 528 2190 Plaut.
559 2149 716 2190 codices
750 2150 954 2201 Gulielmi,
987 2148 1055 2190 alii
1086 2148 1194 2190 alibi.
1247 2148 1502 2207 Singulorum
1535 2158 1681 2201 autem,
1714 2165 1815 2203 quos
1848 2151 2178 2201 enumeravimus,
2212 2163 2377 2191 accura-

203 2215 284 2253 tior
305 2213 522 2268 descriptio
553 2229 601 2253 ex
631 2214 831 2253 editorum
862 2215 941 2253 sive
964 2213 1278 2269 praefationibus
1310 2216 1386 2254 sive
1408 2215 1732 2254 annotationibus
1756 2222 1937 2270 petatur:
1970 2230 2099 2267 neque
2121 2215 2228 2253 enim
2250 2213 2311 2253 vel
2332 2227 2377 2252 ea

204 2276 245 2327 in
275 2291 319 2316 re
349 2275 411 2317 vel
442 2276 483 2316 in
513 2276 771 2332 corrIgendis,
803 2277 872 2328 qui
903 2277 944 2316 in
975 2276 1121 2317 Perleti
1151 2278 1319 2318 maxime
1347 2285 1385 2316 et
1414 2277 1651 2318 Reinhardti
1680 2279 1907 2318 narratione
1937 2293 2091 2319 errores
2123 2277 2231 2317 haud
2260 2276 2376 2333 pauci

204 2339 405 2379 commissi
436 2348 542 2387 sunt,
574 2339 723 2381 diutius
747 2340 951 2380 immorari
973 2354 1046 2396 per
1067 2341 1368 2397 angustissimos
1388 2339 1505 2381 huius
1528 2341 1724 2397 prooemii
1748 2340 1845 2381 fines
1868 2340 1994 2381 licuit.
2047 2341 2236 2393 Sequitur
2256 2353 2377 2386 nunc,

203 2411 249 2442 ut
278 2403 395 2442 unius
425 2403 590 2444 alicuius
623 2403 841 2460 particulae
872 2404 1136 2444 Terentianae
1165 2404 1286 2460 plena
1315 2412 1354 2445 et
1381 2404 1546 2461 integra,
1579 2413 1773 2457 quantum
1805 2405 1962 2457 quidem
1987 2404 2073 2444 fieri
2103 2404 2242 2459 possit,
2274 2403 2377 2443 scri—

203 2474 346 2523 pturae
368 2466 574 2507 diversitas
594 2475 866 2524 proponatur:
899 2467 1007 2520 quod
1026 2469 1280 2519 quantumvis
1299 2466 1509 2507 molestum
1531 2483 1613 2509 non
1637 2483 1755 2508 unam
1779 2469 1830 2507 ob
1849 2482 2026 2507 caussam
2048 2467 2213 2516 accidat,
2243 2473 2379 2506 tamen

203 2530 337 2570 omitti
358 2544 405 2570 co
429 2531 558 2570 minus
589 2539 735 2586 potest,
767 2545 847 2583 quo
877 2532 1039 2581 certius,
1071 2530 1146 2571 hac
1176 2547 1254 2572 una
1286 2532 1344 2571 via
1374 2530 1569 2572 librorum
1593 2532 1697 2571 inter
1719 2547 1758 2570 se
1781 2530 2058 2570 similitudines
2081 2528 2379 2570 dissimilitudi-

203 2606 353 2645 nesque
382 2599 489 2632 recte
520 2594 708 2650 perspici,
741 2607 977 2650 persuasum
999 2594 1189 2634 habemus
1212 2601 1254 2635 et
1275 2609 1349 2635 usu
1370 2594 1689 2650 comprobatum.
1742 2593 1842 2633 Eam
1863 2592 1914 2632 ad
1935 2607 2020 2632 rem
2043 2591 2236 2649 elegimus
2255 2592 2379 2634 Adel-

196 2656 309 2709 phtm
340 2657 510 2704 initium,
543 2665 583 2696 et
615 2657 758 2696 litteris
791 2657 952 2708 quidem
981 2660 1036 2708 A,
1066 2659 1121 2708 B,
1149 2658 1186 2699 G
1211 2658 1411 2698 brevitatis
1441 2671 1579 2696 caussa
1608 2656 1844 2714 signavimus
1876 2670 1899 2694 a
1929 2656 2128 2694 nobismet
2160 2656 2257 2712 ipsis
2285 2664 2380 2712 post

202 2720 401 2760 Faernum
423 2719 554 2760 denuo
577 2735 764 2761 excussos
785 2721 1038 2768 Bembinum,
1070 2723 1364 2769 Basilio-anum,
1398 2722 1661 2761 Vaticanum:
1701 2734 1773 2759 nee
1796 2727 1928 2760 tamen
1949 2720 2091 2759 Faerni
2114 2719 2238 2774 ipsius
2260 2720 2380 2760 testi-

205 2781 339 2822 monia
362 2782 580 2832 omisimus,
612 2789 658 2823 ut
680 2797 799 2836 quam
823 2783 891 2824 ille
913 2799 954 2825 se
977 2783 1208 2841 diligentem
1229 2783 1472 2841 praestiterit
1494 2789 1768 2840 cognoscatur.
1821 2782 1892 2822 His
1915 2781 2070 2823 accedit
2091 2782 2382 2824 Ambrosianus

204 2845 296 2901 (D)
325 2845 375 2884 ab
405 2847 455 2886 A.
484 2845 592 2886 Maio
621 2854 804 2902 repertus
836 2862 994 2902 unaque
1024 2863 1118 2889 cum
1144 2847 1275 2889 Plauti
1304 2847 1533 2904 fragmentis
1563 2846 1721 2887 ineditis
1750 2844 1970 2886 Mediolani
2000 2845 2163 2904 vulgato
2183 2861 2217 2885 a.
2249 2851 2382 2889 1815.
