2768 3277
228 19 239 27 ἢ
259 20 340 37 ’θα-ι.
595 29 619 36 ,«
639 25 644 28 >
690 20 693 23 ⁴
790 24 793 25 ⁷

176 42 184 53 ,
271 37 279 44 »ν
307 36 344 40 v*
478 36 490 48 ’μ
508 44 515 47 .
547 43 549 47 .
605 35 610 46 2
1208 46 1211 49 .

225 60 230 67 γ
313 61 317 66 .
438 58 440 60 v
487 60 490 63 -
680 51 702 72 ἰ

352 78 359 85 .
402 70 411 85 ι

255 117 272 130 ⁸
361 107 379 117 a
566 114 571 117 -
607 110 611 113 n
804 122 806 126 Ι
1245 98 1300 152 23

673 136 683 142 .
1247 132 1258 141 .-

780 257 904 296 Vides,
926 261 1042 302 patres
1063 257 1266 305 conscripti,
1288 257 1326 290 in
1347 266 1400 305 ne
1422 257 1575 293 όιιίιι
1675 301 1718 308 -

704 337 708 341 .
776 305 937 350 Vestrum
957 311 1018 342 6η
1039 313 1141 354 atque
1164 309 1287 342 oeulos
1307 309 1382 355 ὅρῳ
1404 311 1605 342 οοινοηόιι
1627 310 1727 343 video

778 363 849 395 Vos
872 364 940 396 ιιόι
962 363 1073 395 solun
1098 364 1140 395 de
1161 363 1275 395 vestre
1297 374 1337 395 se
1357 363 1410 395 rei
1430 363 1605 407 publicae,
1643 354 1648 357 ’

777 415 904 447 Ver·-
927 416 1041 453 cti-n,
1065 416 1095 447 si
1116 417 1155 448 id
1177 415 1358 459 depulsu—
1380 415 1439 453 sit,
1462 416 1504 448 de
1524 426 1601 448 meo

765 463 936 501 'Peniculo
958 469 1131 501 sollicitos
1154 479 1242 501 esse.
1283 468 1357 500 'Est
1376 463 1463 500 inihi
1478 486 1513 495 -
1526 483 1535 500 ι

201 536 263 578 vel
284 522 511 579 Plautinum
532 536 659 577 robur
680 535 721 577 in
743 535 891 577 talibus
912 536 1218 593 deprehensuri:

777 625 987 659 Factu'rusne
1009 636 1133 670 operae
1154 615 1305 669 pras-'in
1333 615 1409 663 υἷι,
1434 626 1465 657 si
1486 637 1506 657 a
1527 627 1716 671 prindrdio

776 677 881 710 Vrbis
904 690 959 710 res
980 680 1103 722 populi
1124 679 1270 710 nan-ani
1291 680 1560 722 perscripserim,

774 731 844 762 Nec
868 732 952 763 sa'tis
975 732 1060 768 seio,
1084 741 1147 763 nee
1171 732 1202 763 si
1225 732 1330 763 sciam
1351 731 1462 763 unuin
1484 732 1617 763 dicere:

777 774 914 825 Quippe
938 785 998 825 qui
1021 794 1098 814 cuin
1119 787 1267 815 veterem
1289 785 1357 815 tuin
1381 784 1556 825 vulg-ta-
1576 784 1652 815 ἐπει
1674 795 1745 816 ren

771 835 927 873 Videam,
951 836 1032 868 dum
1054 836 1132 867 novi
1154 836 1289 879 senpe'r
1310 836 1493 879 scriptores
1516 847 1548 867 e.
1573 847 1606 879 q.
1630 847 1659 869 s.

199 913 273 953 nisi
301 914 462 967 quidem
494 929 529 953 v.
552 913 697 963 medio,
730 928 779 953 ne
802 913 852 953 ab
875 911 1093 954 inviolabili
1115 913 1351 954 auctoritate
1373 913 1560 954 codicum
1582 928 1755 967 usquam
1777 914 2000 964 recedatur,
2031 914 2376 971 pronuntiandum

197 978 331 1033 potius
354 975 489 1019 de'ce're
518 977 662 1018 aiam
724 977 863 1028 Quid?
894 978 1005 1030 quod
1035 977 1085 1016 ab
1115 977 1279 1017 heroico
1309 992 1424 1018 versu
1454 977 1629 1018 exordiri
1661 979 1767 1019 visus
1791 992 1927 1019 rerum
1949 979 2125 1034 scriptor
2145 978 2376 1020 manifestos

196 1041 370 1083 senarios
400 1038 541 1097 posuit
566 1041 793 1091 continuos,
825 1041 990 1082 scenicis
1021 1040 1262 1094 quibusdam
1293 1055 1391 1094 quos
1422 1056 1553 1097 nuper
1580 1056 1778 1097 procusos
1811 1042 1980 1084 vidimus
2011 1041 2120 1083 haud
2148 1041 2235 1084 ullo
2256 1051 2376 1099 pacto

196 1105 402 1162 indignos:

773 1174 900 1205 Vrbem
922 1175 1062 1204 Romam
1084 1184 1104 1204 a
1124 1174 1298 1216 principio
1318 1184 1414 1215 reges
1437 1163 1598 1223 bibuef.

775 1226 984 1258 Libertitem
1005 1230 1041 1257 et
1062 1226 1279 1257 consulatum
1300 1226 1423 1257 Brutus
1445 1226 1609 1258 institnit.

775 1279 974 1311 metaturae
997 1280 1042 1310 ad
1063 1280 1197 1322 templis
1220 1279 1458 1329 samba-{tuin
1482 1290 1593 1322 neque

775 1332 1019 1363 Decemviralis
1042 1333 1194 1374 potestas
1217 1333 1308 1363 ultra
1328 1332 1518 1368 biennium,

773 1383 889 1428 Neque
912 1384 1128 1416 tribunorum
1171 1384 1317 1417 mil’tum
1338 1385 1519 1418 consulite
1542 1385 1607 1418 ius.

199 1453 394 1493 Videlicet
415 1461 498 1494 tam
520 1451 637 1493 facile
659 1453 849 1493 Romanis
872 1452 949 1493 fuit
971 1467 1106 1492 versus
1129 1452 1271 1503 facere,
1303 1452 1365 1492 vel
1387 1454 1523 1510 potius
1545 1468 1628 1495 non
1650 1452 1780 1493 facere
1802 1451 1977 1493 difficile.

323 1537 402 1579 Sed
432 1539 548 1578 istam
577 1538 734 1579 codices
763 1552 968 1591 nunquam
998 1551 1081 1577 non
1110 1538 1394 1578 antestantium
1424 1537 1656 1594 religionem
1683 1537 1826 1578 saltem
1856 1537 2112 1578 coniunctam
2142 1552 2228 1578 esse
2256 1545 2373 1594 putes

203 1618 294 1643 cum
324 1610 509 1643 accurata
538 1602 769 1652 eorundem,
802 1602 844 1642 in
875 1616 1046 1654 quorum
1076 1601 1196 1641 fidem
1228 1602 1394 1652 iuratur,
1427 1602 1609 1643 codicum
1638 1602 1879 1658 cognitione.
1934 1602 2086 1642 Verum
2116 1602 2159 1642 in
2181 1602 2373 1642 Terentio

203 1667 363 1720 quidem
384 1664 602 1707 Klotziano
631 1681 694 1705 res
718 1664 834 1722 longe
857 1664 974 1706 aliter
994 1665 1151 1706 cecidit.
1193 1665 1371 1706 Tametsi
1394 1666 1500 1706 enim
1521 1665 1705 1706 maluisse
1728 1681 1769 1706 se
1791 1666 1915 1707 libros
1935 1669 2236 1707 vetustaebsumoe
2248 1680 2372 1720 prae-

201 1734 556 1784 stantztssunwsque
577 1744 604 1771 a
626 1731 678 1771 G.
702 1731 865 1771 Faerno
887 1733 928 1771 et
944 1730 1002 1770 R.
1019 1730 1206 1771 Bentleio
1227 1743 1413 1771 eoecussos
1427 1744 1546 1784 quam
1560 1731 1762 1772 doctorum
1780 1731 1980 1772 leontinum
1993 1734 2245 1772 comeo-iuras
2259 1733 2376 1783 sequi

201 1795 332 1834 editor
354 1801 520 1834 testatus
542 1801 615 1844 est,
649 1801 781 1834 tamen
803 1794 873 1846 qui
895 1792 1110 1846 qualesque
1133 1792 1191 1832 illi
1215 1801 1358 1843 esseut,
1379 1794 1584 1847 quomodo
1606 1795 1709 1834 inter
1730 1809 1771 1833 se
1792 1793 2012 1843 differrent,
2033 1809 2114 1846 quo
2135 1800 2370 1849 argumento

202 1858 252 1898 de
282 1872 420 1898 eorum
451 1857 695 1913 praestantia
725 1864 941 1906 constaret,
973 1870 1051 1909 qua
1081 1855 1158 1896 fide
1186 1855 1416 1898 viderentur
1446 1856 1582 1898 collati
1609 1873 1704 1907 esse,
1736 1856 1833 1897 haec
1865 1857 1988 1912 igitur
2016 1857 2150 1897 omnia
2179 1870 2370 1909 quaerere

203 1921 303 1961 adeo
335 1921 481 1967 omisit,
514 1927 560 1961 ut
582 1935 632 1960 ne
653 1934 735 1961 uno
758 1920 920 1972 quidem
941 1918 1137 1959 versiculo
1159 1918 1345 1975 attigerit.
1396 1924 1456 1961 Ac
1477 1922 1650 1978 pertinet
1671 1920 1759 1968 hoc,
1792 1920 1900 1973 quod
1922 1934 2031 1960 nunc
2052 1920 2199 1960 dicturi
2220 1933 2371 1969 sumus,

206 1986 325 2025 etiam
347 1984 397 2022 ad
419 1983 534 2023 alios.
587 1986 728 2036 Neque
758 1984 865 2023 enim
897 1984 990 2024 satis
1021 1998 1233 2039 possumus
1264 1984 1411 2034 mirari,
1443 2000 1534 2025 cum
1564 1993 1626 2025 tot
1654 1985 1852 2037 tantisque
1873 1983 2059 2024 laudibus
2081 1998 2175 2024 cum
2195 1982 2370 2025 aliorum

202 2047 344 2089 Faerni
376 2046 561 2086 codicum
593 2054 678 2087 tum
710 2047 891 2088 omnium
921 2046 1179 2088 vetustissimi
1208 2047 1384 2087 Bembini
1416 2047 1648 2089 excellentia
1678 2047 1799 2102 longo
1821 2062 1869 2087 ex
1891 2054 2073 2103 tempore
2094 2046 2294 2096 efferatur,
2325 2053 2371 2085 ut

204 2125 309 2150 nunc
332 2109 414 2149 fere
444 2108 639 2149 tralaticia
663 2110 727 2159 sit,
760 2118 894 2150 tamen
915 2124 989 2166 per
1010 2110 1086 2149 tria
1109 2109 1233 2149 ferme
1255 2110 1408 2150 saecula
1430 2112 1626 2151 neminem
1649 2111 1856 2160 exstitisse,
1887 2110 1957 2163 qui
1980 2110 2122 2149 iisdem
2142 2109 2255 2149 libris
2277 2115 2369 2164 post

200 2173 341 2215 Faerni
373 2178 487 2212 curas
509 2172 641 2213 denuo
664 2173 852 2228 inspectis
875 2174 976 2213 bene
998 2173 1047 2213 de
1068 2173 1131 2213 his
1153 2172 1294 2213 litteris
1316 2176 1523 2215 meruerit:
1555 2189 1628 2213 nec
1649 2174 1754 2213 enim
1772 2173 1835 2214 vel
1851 2175 1900 2214 G.
1916 2173 2090 2214 Fabricii
2106 2173 2170 2213 vel
2186 2175 2369 2224 Cocque-

200 2237 271 2278 lini
293 2240 348 2288 (a.
375 2239 526 2288 1767.)
555 2251 603 2277 eo
632 2235 673 2276 in
695 2250 837 2292 genere
860 2250 984 2292 opera
1005 2236 1289 2278 memorabilis.
1340 2238 1433 2288 Quo
1455 2238 1615 2294 negotio
1638 2236 1753 2277 sacile
1774 2235 2023 2277 intellectum
2042 2244 2156 2287 esset,
2177 2235 2286 2289 quod
2306 2233 2369 2275 vel

201 2300 369 2340 divinari
398 2300 448 2340 ab
478 2313 722 2353 unoquoque
750 2307 922 2356 poterat,
955 2313 1037 2339 non
1066 2298 1184 2339 aliter
1214 2301 1253 2340 in
1282 2300 1530 2341 conserendis
1562 2299 1673 2341 libris
1705 2315 1799 2341 mSS.
1828 2300 2024 2341 Faernum
2047 2307 2165 2352 atque
2185 2297 2369 2350 aequales

202 2363 431 2421 philologos
460 2372 628 2405 cunctos
657 2372 857 2405 versatum
880 2379 977 2413 esse,
1008 2363 1087 2404 hoc
1118 2371 1179 2404 est
1200 2365 1460 2420 discrepantis
1491 2366 1710 2420 scripturae
1733 2364 1883 2420 largam
1905 2379 2070 2416 eamque
2091 2364 2219 2404 bonae
2241 2361 2369 2418 frugis

198 2428 359 2486 plenam
389 2428 561 2485 posteris
592 2443 760 2469 messem
790 2427 1009 2482 reliquisse.
1061 2429 1121 2469 Ac
1152 2437 1431 2485 praeterquam
1458 2428 1569 2483 quod
1600 2444 1647 2470 ex
1675 2428 1762 2485 ipso
1785 2427 1976 2469 Bembino
1997 2425 2238 2484 praeclarae,
2267 2440 2371 2480 quae

199 2494 331 2534 adhuc
362 2492 579 2542 latuerunt,
611 2493 905 2533 emendationes
935 2493 1019 2548 peti
1040 2501 1224 2548 possunt,
1254 2509 1276 2533 e
1298 2492 1380 2532 sola
1402 2494 1698 2549 comparatione
1720 2494 1879 2547 penitus
1900 2492 2053 2531 excussi
2074 2491 2257 2531 Bembini
2278 2506 2372 2531 cer-

200 2558 279 2598 tius
309 2564 445 2613 potest
474 2556 524 2597 de
552 2556 802 2609 reliquorum
832 2554 1016 2598 codicum
1046 2555 1182 2597 indole
1211 2557 1398 2597 iudicium
1428 2557 1602 2613 prodire,
1634 2571 1679 2596 ac
1703 2557 1757 2595 sic
1780 2555 1952 2605 demum,
1985 2570 2087 2607 quae
2110 2555 2164 2597 sit
2184 2555 2369 2596 condicio
2395 2589 2398 2592 Α

198 2618 425 2661 fabularum
454 2619 802 2671 Terentianarum,
833 2634 931 2673 quas
961 2620 1171 2660 videantur
1198 2618 1482 2662 vicissitudines
1512 2627 1696 2676 expertae
1723 2633 1826 2668 esse,
1859 2631 1938 2671 qua
1971 2618 2024 2659 sit
2055 2619 2119 2660 via
2146 2633 2194 2661 ac
2214 2618 2369 2660 ratione

195 2684 247 2723 ad
278 2699 414 2724 earum
443 2684 760 2724 emendationem
787 2684 1069 2733 accedendum,
1100 2683 1304 2736 aliquanto
1333 2692 1373 2724 et
1400 2683 1547 2724 rectius
1569 2690 1610 2723 et
1629 2681 1800 2737 plenius,
1828 2696 1948 2734 quam
1969 2682 2103 2723 adhuc
2125 2682 2277 2724 factum
2296 2690 2369 2732 est,

198 2746 368 2788 definiri.
421 2747 474 2788 Et
495 2746 627 2787 medio
649 2747 813 2799 quidem
834 2762 929 2787 aevo
952 2762 1043 2787 cum
1065 2747 1183 2803 pauci
1207 2748 1419 2803 scriptores
1442 2746 1556 2787 latini
1578 2744 1733 2801 saepius
1756 2759 1878 2798 quam
1899 2744 2117 2787 Terentius
2139 2753 2180 2788 et
2200 2744 2369 2788 lectitati

164 2820 169 2828 ·
196 2816 236 2849 et
259 2809 452 2868 descripti
474 2809 573 2858 siut,>
598 2812 728 2850 evenit
750 2817 795 2851 ut
817 2810 1002 2851 codicum
1023 2824 1115 2851 mss.
1139 2824 1264 2867 paene
1285 2809 1439 2851 infinita
1459 2808 1677 2850 multitudo
1699 2807 1900 2861 hodieque
1923 2816 2065 2852 exstet.
2116 2811 2278 2851 Praeter
2298 2823 2366 2851 eos

1818 2879 1837 2915 1
1851 2876 1865 2893 R
