2768 3277
490 0 510 9 ⁷
546 0 585 14 ,γ
1837 0 1967 46 ‘'p-43³*
1983 9 1994 21 ,-
2127 22 2142 31 .‚
2200 12 2246 36 ab».
2259 18 2267 26 ,b
2411 22 2421 34 ¹>
2447 31 2451 34 ι

1899 48 1903 51 i
1935 50 1939 54 ⁸
1990 39 1993 43 ‘
2001 52 2035 85 (al
2090 31 2223 81 ⁷³:231?ss
2235 40 2299 86 ⁸5]
2308 58 2318 65 “’
2399 31 2459 74 ὃ

1889 82 1906 88 -¹
1947 88 1960 99 ,ἱ
2107 80 2113 85 ι
2169 78 2172 82 ’
2195 80 2230 96 '¹23'
2246 81 2257 95 >1
2276 91 2285 95 >—
2314 84 2328 91 ,-
2342 78 2359 99 *¹
2411 94 2413 96 Ι
2458 76 2464 83 “

1890 122 1895 128 ,
2140 107 2143 109 Δ
2275 111 2280 115 .
2324 99 2345 132 0:
2358 114 2363 120 ,
2403 98 2405 100 ’
2418 97 2452 138 nim-

2134 162 2137 165 ,
2243 154 2251 163 ι
2328 161 2331 165 .

1890 265 1905 284 ,”·
2163 284 2166 288 ,
2178 268 2191 292 ,⁹

1903 299 1924 319 t.
2116 317 2135 325 ,-
2157 295 2187 327 ‚gv

470 721 1084 790 VNWERSHATIS
1126 723 1645 797 LITTERARVM
1690 724 2396 789 VRATISLAVJENSIS

641 796 960 872 REcTo'lt
1002 816 1104 870 ΕΤ
1150 806 1504 872 SENATVS
1548 799 2232 878 coMMILITovas

341 1194 460 1261 Etsi
478 1233 579 1272 quae
595 1217 769 1275 praefari
786 1216 1018 1259 scholarum
1036 1216 1235 1259 indicibus
1252 1218 1294 1259 in
1313 1218 1387 1260 hac
1400 1218 1626 1260 litterarum
1644 1219 1899 1261 universitate
1916 1219 2190 1262 habendarum
2206 1229 2336 1263 vetere
2352 1230 2393 1263 et
2408 1222 2515 1263 anti-

341 1297 422 1336 quo
442 1282 628 1323 instituto
652 1281 841 1332 solemus,
863 1281 1065 1338 pertinere
1087 1280 1138 1321 ad
1155 1296 1225 1322 vos
1237 1282 1438 1323 universos
1456 1282 1653 1333 volumus,
1676 1291 1810 1324 tamen
1829 1283 1968 1328 eadem
1987 1298 2069 1324 non
2087 1286 2231 1325 mirum
2248 1293 2309 1328 est
2328 1285 2515 1342 propiore

342 1347 462 1386 etiam
492 1345 655 1387 vinculo
687 1361 780 1386 cum
808 1346 951 1385 vestris
973 1345 1195 1384 rationibus
1218 1346 1425 1396 contineri,
1458 1348 1526 1399 qui
1549 1362 1640 1386 cum
1662 1348 1811 1403 graecis
1834 1346 2061 1400 latinisque,
2094 1349 2134 1387 in
2157 1349 2300 1401 quibus
2322 1348 2404 1389 sere
2425 1363 2516 1388 ver-

342 1425 489 1459 samur,
510 1409 655 1450 litteris
678 1410 756 1465 ipsi
778 1408 961 1458 studetis,
982 1416 1071 1449 tum
1092 1407 1134 1449 in
1156 1409 1364 1450 seminario
1387 1411 1497 1466 regio
1518 1409 1766 1466 philologico
1791 1411 2041 1451 exercemini.
2071 1412 2196 1452 Vobis
2214 1413 2336 1468 igitur
2353 1420 2516 1467 postea-

341 1487 461 1526 quam
492 1473 535 1513 in
557 1472 740 1530 Dionysii
762 1471 1083 1526 Antiquitatibus
1110 1485 1186 1528 per
1211 1471 1373 1526 aliquod
1404 1479 1562 1529 tempus
1593 1472 1841 1515 elaboratum
1871 1480 1953 1524 est,
1996 1481 2042 1514 ut
2070 1474 2121 1514 ad
2151 1475 2332 1516 Terentii
2362 1473 2514 1516 fabulas

341 1537 556 1578 transitum
578 1537 656 1593 ipsi
687 1550 934 1593 pararemus,
966 1549 1012 1575 ea
1042 1550 1150 1576 nunc
1173 1536 1216 1575 in
1238 1536 1410 1576 medium
1441 1537 1581 1576 afferre
1603 1537 1712 1577 haud
1733 1537 1803 1577 abs
1826 1552 1869 1577 re
1892 1537 2133 1594 putavimus,
2164 1552 2265 1591 quae
2284 1553 2359 1578 nec
2381 1537 2514 1594 colligi

343 1602 426 1641 sine
457 1599 593 1656 ampla
623 1599 822 1640 librorum
850 1597 1099 1655 supellectile
1130 1614 1270 1656 posse,
1303 1615 1373 1640 nec
1405 1601 1499 1641 satis
1529 1616 1576 1641 ex
1606 1602 1715 1642 omni
1745 1609 1858 1657 parte
1880 1601 2048 1641 iudicari
2069 1601 2145 1642 nisi
2165 1602 2216 1641 ab
2239 1601 2335 1642 artis
2357 1602 2515 1643 criticae

342 1662 483 1721 paullo
505 1664 698 1720 peritiore
719 1664 964 1704 viderentur.
1005 1665 1065 1703 Ac
1088 1678 1384 1719 speraveramus
1407 1678 1499 1704 sane
1522 1663 1608 1704 sore
1631 1673 1676 1705 ut
1697 1665 1780 1705 eius
1803 1665 1860 1706 rei
1882 1664 1914 1705 is
1936 1664 2053 1706 nobis
2075 1666 2203 1706 otium
2224 1664 2384 1715 faceret,
2404 1665 2514 1706 cuius

342 1728 448 1771 curis
479 1728 724 1768 ornatiorem
755 1726 1092 1783 elegantissimum
1121 1735 1283 1782 poetam
1313 1727 1568 1783 proditurum
1596 1743 1737 1768 rumor
1765 1744 1813 1768 ex
1842 1727 1978 1782 aliquo
2001 1737 2182 1784 tempore
2204 1728 2515 1784 percrebruerat,

341 1790 593 1832 Reinholdus
624 1790 824 1832 Klotzius.
877 1791 1029 1830 Verum
1059 1804 1147 1830 eam
1176 1791 1511 1845 exspectationem
1541 1791 1618 1831 dici
1649 1792 1789 1844 nequit
1811 1806 1931 1844 quam
1954 1790 2035 1842 ille,
2068 1791 2252 1832 laudatus
2273 1789 2422 1844 alioqui
2443 1793 2514 1842 vir,

341 1853 547 1895 fefellerit.
599 1855 704 1894 Nam
738 1868 831 1894 cum
861 1854 991 1894 omnis
1022 1853 1106 1893 eius
1137 1867 1273 1909 opera,
1306 1868 1425 1907 quam
1447 1854 1590 1895 emisso
1612 1854 1674 1894 his
1698 1855 1795 1910 ipsis
1817 1854 1955 1895 diebus
1978 1854 2110 1911 primo
2133 1852 2333 1895 volumine
2353 1853 2515 1911 publico

342 1917 490 1958 iudicio
512 1918 740 1974 proposuit,
762 1917 804 1956 in
826 1931 875 1957 eo
897 1916 1102 1966 consistat,
1123 1925 1169 1957 ut
1191 1916 1346 1957 collatis
1365 1916 1519 1957 duabus
1535 1918 1699 1958 vetustis
1716 1917 1972 1968 editionibus,
1994 1932 2095 1971 quae
2117 1932 2165 1957 ex
2182 1918 2364 1958 Romano
2381 1917 2515 1958 codice

342 1989 557 2021 manarunt
579 1982 694 2021 nobis
717 1981 845 2037 probe
866 1988 979 2029 noto,
1001 1981 1148 2020 rectius
1170 1980 1305 2032 aliqua
1327 1997 1372 2020 ex
1389 1989 1503 2036 parte
1522 1982 1668 2021 Donati
1689 1981 1853 2022 disiecta
1875 1982 2055 2022 membra
2076 1981 2339 2030 constituerit,
2360 1988 2445 2021 tum
2464 1981 2516 2021 ad

343 2044 430 2100 ipsa
452 2044 632 2084 Terentii
662 2044 783 2084 verba
810 2042 1057 2084 emendanda
1087 2043 1179 2084 novi
1209 2043 1502 2100 propemodum
1524 2043 1625 2083 nihil
1655 2043 1805 2085 attulit.
1848 2045 1946 2086 .Nisi
1969 2043 2131 2098 quidem
2153 2042 2256 2083 illud
2277 2057 2422 2084 novum
2443 2052 2516 2095 est,

342 2106 453 2159 quod
475 2105 598 2145 semel
619 2106 728 2146 bisve
751 2106 915 2162 singulis
938 2105 1092 2162 paginis
1115 2106 1157 2145 in
1180 2108 1396 2162 marginem
1418 2107 1563 2146 reiecta
1585 2106 1737 2146 Bentlei
1760 2108 1960 2164 scriptura
1980 2121 2068 2146 eam
2089 2106 2299 2156 revocavit,
2319 2120 2418 2158 quae
2434 2106 2516 2148 sere

341 2169 550 2225 legebatur
580 2177 672 2209 ante
695 2168 929 2210 Bentleium.
981 2170 1026 2208 Id
1048 2177 1182 2210 autem
1206 2185 1298 2209 cum
1321 2185 1391 2224 per
1413 2185 1453 2209 se
1475 2169 1578 2210 nihil
1599 2169 1744 2211 habeat
1765 2186 1838 2211 cur
1859 2170 2124 2226 improbetur,
2157 2176 2290 2209 tamen
2310 2169 2360 2208 ab
2382 2170 2517 2225 Lipsi-

343 2232 429 2273 ensi
451 2231 604 2272 editore
626 2232 682 2272 ita
705 2232 934 2272 institutum
955 2239 1027 2282 est,
1050 2239 1096 2272 ut
1117 2246 1200 2272 non
1222 2231 1439 2288 profecisse
1453 2232 1718 2274 Terentianae
1739 2232 1911 2284 fabulae,
1932 2233 2002 2274 sed
2023 2230 2273 2285 aliquantum
2293 2230 2519 2274 detrimenti

345 2296 495 2351 cepisse
517 2296 661 2335 merito
684 2296 975 2335 existimentur.
1038 2296 1171 2345 Quam
1203 2296 1310 2345 euim
1340 2309 1452 2352 spem
1482 2295 1540 2335 fas
1563 2303 1623 2337 est
1645 2296 1696 2337 de
1718 2311 1766 2337 eo
1789 2297 1961 2354 concipi,
1995 2296 2063 2349 qui
2085 2308 2199 2335 sanas
2222 2301 2263 2335 et
2282 2296 2517 2336 necessarias

344 2374 488 2411 easque
508 2358 845 2415 exploratissimas
866 2358 1078 2415 prosodiae
1100 2367 1140 2399 et
1161 2367 1381 2400 metrorum
1405 2359 1578 2399 rationes
1597 2360 1697 2402 adeo
1716 2362 1965 2417 perverterit,
1987 2367 2033 2401 ut
2048 2358 2222 2400 Andriae
2242 2373 2397 2400 versum
2418 2374 2519 2416 pro-

344 2422 425 2480 logi
450 2429 517 2466 11.
548 2423 606 2464 sic
628 2422 806 2480 potuisse
828 2437 850 2463 a
874 2430 1015 2480 poetae
1038 2437 1159 2464 manu
1182 2422 1344 2479 prodire
1366 2422 1442 2463 sibi
1464 2425 1723 2480 persuaserit:
1756 2425 1851 2469 Non
1872 2428 1934 2468 ita
1956 2423 2150 2467 dahsemle·
2165 2425 2260 2465 sunt
2279 2418 2520 2479 a'rgummto,

342 2486 406 2529 se't
426 2492 581 2528 tamen:
615 2487 676 2528 vel
707 2489 773 2527 Sc.
790 2488 819 2536 Ι,
851 2494 922 2531 25.
945 2487 1054 2526 hunc
1083 2487 1334 2542 probaverit:
1367 2486 1556 2529 Liberius
1576 2490 1840 2541 vt‘vendt’suit
1853 2491 2039 2545 potestas
2060 2504 2094 2527 e.
2116 2501 2157 2539 q.
2181 2502 2233 2536 8.,
2264 2487 2327 2528 vel
2351 2493 2421 2531 60.
2445 2495 2520 2533 85.

350 2559 452 2596 127.
482 2551 576 2592 bos:
608 2549 814 2594 De’ce'bani
842 2555 916 2593 aut
937 2549 1192 2601 N2·ce'ratum‚
1223 2566 1319 2592 nam
1348 2553 1395 2593 1ιί
1422 2554 1505 2593 tres
1526 2552 1610 2594 tam
1629 2556 1774 2596 se'aenul:
1805 2556 1917 2604 Quid
1935 2558 1978 2596 si
1994 2552 2082 2607 ipae
2102 2553 2307 2593 amasset?
2337 2550 2434 2605 quid
2453 2553 2520 2595 hic

342 2612 595 2668 mt'ln'sacae'e't
608 2619 756 2670 patr-1⁶:
787 2617 890 2665 Quis
911 2613 1040 2670 igitar
1055 2616 1223 2657 relictus
1246 2613 1309 2657 e'st
1328 2615 1570 2670 obiurgandi
1588 2618 1710 2659 locus.
1753 2618 1995 2672 Quanquam
2018 2613 2222 2657 fatendum
2243 2621 2304 2656 est
2325 2629 2417 2656 sane
2438 2630 2521 2657 non

341 2679 600 2720 mediocriter
628 2680 853 2720 istiusmodi
876 2678 1081 2734 elegantiis
1102 2687 1264 2720 nostros
1293 2694 1400 2719 nunc
1421 2679 1603 2720 homines
1626 2681 1827 2731 delectari,
1858 2683 1930 2734 qui
1953 2679 2012 2720 vel
2036 2678 2205 2720 Horatio
2227 2678 2391 2734 dignum
2411 2679 2520 2719 hunc

342 2740 585 2784 versiculum
604 2741 923 2798 pronuntiarint:
954 2740 1182 2795 Rambque‘
1192 2742 1346 2796 oblae'quo
1365 2741 1538 2794 laborat,
1559 2751 1600 2784 et
1621 2757 1713 2784 mox
1736 2758 1818 2785 non
1839 2744 1982 2785 dubito
2003 2742 2102 2795 quin
2124 2739 2221 2782 tales
2243 2741 2358 2782 etiam
2375 2756 2522 2783 nume-

343 2819 412 2847 ros
432 2805 669 2847 admiraturi
689 2806 770 2847 sint
789 2805 1007 2862 gratiarum
1029 2804 1241 2847 dulcedine
1262 2806 1428 2847 mirifice
1450 2805 1635 2848 conditos
1657 2814 1697 2848 et
1717 2814 1942 2849 nectaream
1965 2805 2197 2846 suavitatem
2220 2805 2439 2861 spirantes:
