2768 3277
1327 141 1390 196 11

278 313 449 353 tantum,
471 304 540 345 sed
560 304 690 345 Plauti
712 317 873 356 qnoque
888 302 1172 352 recensionem,
1193 316 1275 354 quo
1292 302 1343 342 de
1363 301 1591 341 monuimus
1613 301 1655 342 in
1676 302 1988 343 Zimmermanni
2009 302 2115 342 Diar.
2137 301 2240 357 phil.
2259 317 2295 342 a.
2327 309 2455 345 1837.
2480 330 2481 341 ¹

281 383 324 424 p.
348 373 373 410 7
380 371 453 410 38.
479 374 503 410 7
511 371 595 417 46.,
628 365 876 418 similemque
898 364 976 404 illis
999 364 1128 420 poetis
1152 378 1316 421 operam
1338 371 1456 416 atque
1479 364 1647 405 Horatio
1670 365 1829 405 Vettius
1852 364 2022 420 Agorius
2045 364 2211 405 Basilius
2233 365 2452 406 Mavortius
2480 410 2483 418 V

280 445 374 472 cum
402 431 596 488 Magistro
626 429 767 480 Felice,
790 427 959 485 Virgilio
981 435 1022 468 et
1043 426 1204 468 sedulio
1226 428 1400 468 Turcius
1423 425 1562 468 Rufius
1584 429 1837 483 Apronianus
1863 428 2063 477 Asterius,
2097 427 2255 469 Valerio
2277 429 2453 469 Maximo
2476 435 2481 478 ‚f
2518 416 2572 461 W

280 492 486 534 Helvidius
511 492 754 543 Domnulus,
777 492 935 533 Caesari
956 489 1242 546 Iuliussselsus
1265 491 1550 532 Constantinus
1580 499 1619 531 et
1639 491 1796 532 Flavius
1818 492 1994 532 Licerius
2016 492 2212 532 Firminus
2234 493 2453 548 Lupicinus
2469 481 2481 560 J

282 558 459 598 navavit:
491 557 571 598 vid.
593 556 719 598 Bentl.
743 555 871 597 Praef.
892 557 991 596 Hor.
1013 570 1054 610 p.
1077 555 1148 604 X„
1170 555 1297 611 Heyn.
1320 554 1362 594 in
1383 555 1493 610 Virg.
1517 553 1609 594 Vol.
1631 555 1699 605 lv,
1721 570 1763 611 p.
1789 562 1892 599 607.
1916 570 2002 608 sqq.
2025 555 2086 595 ed.
2109 555 2268 604 noviss„
2300 556 2454 596 doctis-

285 621 509 673 simumque
532 620 726 677 collegam
750 618 1036 660 Schneiderum
1058 619 1107 659 de
1130 617 1226 659 bell.
1248 618 1363 674 Hisp.
1386 633 1459 658 scr.
1482 633 1525 674 p.
1549 625 1589 663 6.
1651 620 1712 659 Ex
1734 620 1880 672 quibus
1903 619 2071 659 invicem
2093 619 2198 659 inter
2219 634 2260 659 se
2282 618 2453 665 collatis,

281 698 382 736 quae
411 685 470 723 vis
502 685 554 724 sit
585 682 780 723 eiusmodi
811 682 1072 730 recensionis,
1104 681 1375 739 perspicietis,
1411 681 1608 734 iidemque
1629 682 1810 723 instituta
1832 682 2012 723 Bembini
2031 681 2452 738 Calliopianorumque

279 747 478 787 librorum
508 748 830 802 comparatione,
863 754 1058 799 quantum
1086 754 1127 785 et
1158 761 1230 786 cur
1261 753 1302 786 et
1332 745 1533 797 quomodo
1555 745 1617 785 his
1639 745 1706 785 ille
1729 755 1925 801 praestet,
1957 747 2183 786 certissimis
2205 747 2450 801 argumentis

280 810 532 867 indagabitis.
598 810 721 862 Quod
752 817 796 851 ut
824 817 916 851 ante
949 823 1068 862 quam
1097 809 1148 849 ad
1178 809 1305 865 ipsam
1335 808 1528 850 accedatis
1558 809 1928 865 interpretationem
1959 809 2134 861 faciatis,
2168 809 2378 850 suademus
2401 824 2448 850 eo

281 872 455 923 valdius,
486 888 566 926 quo
588 875 745 913 brevius
779 888 823 912 ea
846 873 959 913 nobis
984 886 1105 927 opera
1127 880 1297 928 propter
1318 872 1543 911 chartarum
1565 872 1660 911 huic
1682 874 1889 928 prooemio
1912 887 2187 913 concessarum
2209 873 2451 929 paucitatem

285 936 583 992 defungendum
613 946 693 986 est,
726 952 885 988 quoque
916 937 1043 975 maior
1073 952 1093 975 e
1123 936 1193 976 tali
1225 935 1427 990 diligentia
1455 935 1607 975 fructus
1639 936 1689 975 ad
1719 937 1903 975 idoneam
1933 937 1973 975 in
2003 936 2080 976 hoc
2103 938 2286 976 universo
2307 951 2451 990 genere

282 998 514 1041 facultatem
536 999 848 1055 comparandam
870 998 1102 1055 percipitur.
1133 999 1199 1040 Sic
1215 998 1315 1039 raris
1338 998 1574 1051 quibusdam
1595 997 1784 1054 exemplis
1809 1014 1940 1040 veram
1964 999 2201 1054 scripturam
2221 998 2306 1040 sola
2323 997 2451 1039 Calli·
2485 1019 2499 1029 υ

284 1063 369 1120 οΡίἰ
389 1063 620 1104 recensione
643 1064 843 1120 proditam
864 1062 1082 1119 reperietiS,
1107 1070 1152 1104 ut
1173 1062 1206 1115 I,
1231 1066 1284 1114 4.,
1317 1061 1523 1116 aliquoties
1547 1077 1593 1102 ex
1617 1062 1820 1117 utriusque
1842 1063 2056 1105 coniuncta
2078 1063 2266 1105 memoria
2285 1062 2451 1104 concin-
2506 1075 2569 1089 μ’

286 1127 477 1176 nandam,
511 1136 554 1166 ut
585 1130 673 1166 Per.
700 1135 740 1169 7.
762 1128 868 1167 Prol.
903 1132 964 1175 4.,
996 1127 1143 1165 alicubi
1167 1128 1272 1165 iuter
1293 1141 1333 1165 se
1356 1128 1461 1181 ipsos
1483 1127 1538 1164 ita
1561 1127 1826 1180 discrepantes
1851 1127 2146 1181 Calliopianos,
2177 1135 2222 1166 ut
2244 1127 2451 1166 conveniat

253 1236 256 1242 ¹
284 1190 413 1246 parti,
446 1191 550 1246 parti
578 1191 851 1231 disconveniat
872 1206 965 1231 cum
986 1191 1198 1240 Bembino,
1232 1198 1352 1242 atque
1381 1190 1477 1229 adeo
1507 1189 1557 1228 ab
1588 1205 1667 1229 uno
1690 1189 1776 1247 solo
1798 1205 1933 1230 verum
1957 1192 2008 1230 sit
2030 1199 2254 1241 servatum,
2288 1198 2332 1230 nt
2356 1190 2385 1237 l,
2409 1196 2450 1232 9.
2498 1208 2515 1217 ν

253 1274 256 1275 ’
282 1254 384 1294 Item
406 1253 648 1308 compluries
671 1254 780 1294 nulla
803 1254 864 1294 vel
887 1254 1182 1309 propemodum
1202 1252 1315 1294 nulla
1337 1253 1569 1294 auctoritate
1592 1252 1816 1307 intelligetis
1838 1261 2039 1307 receptam
2063 1269 2170 1294 nunc
2192 1262 2233 1294 et
2254 1269 2329 1308 per
2350 1253 2448 1307 plu-

283 1315 404 1357 rimas
435 1316 629 1357 editiones
660 1324 921 1373 propagatam
952 1316 1191 1373 scripturam
1222 1316 1317 1366 niti,
1350 1323 1396 1357 ut
1426 1317 1510 1356 Per.
1544 1319 1584 1359 5.
1607 1315 1656 1366 ΙΙ,
1680 1319 1753 1360 25.
1817 1315 1943 1358 Simul
1965 1324 2098 1357 autem
2121 1315 2219 1357 haec
2241 1324 2282 1358 et
2304 1315 2448 1357 similia

285 1380 432 1429 omnia,
464 1394 565 1431 quae
595 1380 661 1420 hic
695 1381 878 1435 persequi
907 1380 1073 1436 longum
1104 1387 1175 1429 est,
1197 1378 1345 1419 leviora
1367 1394 1449 1419 esse
1470 1379 1645 1419 sentietis
1668 1394 1762 1435 prae
1784 1380 1936 1420 duabus
1958 1380 2099 1429 rebus,
2130 1380 2173 1419 in
2194 1380 2339 1432 quibus
2363 1380 2449 1436 ipsa

284 1451 427 1482 natura
448 1444 628 1482 Bembini
657 1443 805 1482 codicis
837 1459 928 1482 cum
952 1442 1138 1496 Calliopii
1168 1443 1396 1481 recensione
1426 1444 1643 1496 comparati
1674 1445 1870 1482 cernitur:
1903 1452 1948 1481 ut
1978 1445 2019 1482 in
2050 1443 2215 1497 singulis
2246 1458 2328 1482 non
2350 1444 2449 1481 hae-

283 1506 400 1554 renti,
432 1505 500 1545 sed
523 1506 702 1546 universe
725 1513 764 1545 et
786 1506 1001 1561 generatim
1024 1505 1215 1545 iudicanti
1237 1504 1393 1560 longius
1415 1504 1533 1545 etiam
1554 1519 1578 1545 a
1599 1506 1774 1545 Bembini
1801 1506 2026 1560 integritate
2049 1504 2238 1561 Calliopii
2267 1507 2446 1545 recensio

286 1568 445 1617 distare,
477 1583 597 1621 quam
619 1568 688 1608 illa
710 1569 846 1609 abesse
879 1584 901 1609 a
923 1569 1091 1626 pristina
1115 1567 1338 1609 fabularum
1360 1564 1689 1608 Terentianarum
1711 1568 1840 1625 specie
1862 1569 2063 1618 videatur,
2095 1566 2449 1625 hsess'u‘f'simpli-
2467 1618 2468 1621 Ἴ

41 1631 42 1678 ἰ
284 1633 368 1671 cius
391 1632 588 1681 dicamus,
621 1632 741 1687 longo
766 1633 972 1673 intervallo
995 1635 1192 1688 optimum
1215 1632 1393 1672 codicem
1417 1632 1646 1671 Bembinum
1669 1648 1772 1681 esse,
1803 1648 1847 1672 ac
1878 1631 1997 1689 longe
2020 1631 2203 1688 plurimis
2226 1632 2448 1688 Calliopia-

285 1710 430 1735 norum
452 1696 582 1735 naevis
605 1696 875 1751 abstergendis
899 1696 1101 1746 sufficere,
1134 1696 1203 1737 sed
1226 1695 1287 1735 vel
1309 1696 1365 1736 sic
1387 1703 1546 1745 restare,
1569 1711 1668 1748 quae
1690 1712 1780 1736 cum
1814 1696 1910 1737 tolli·
1926 1697 2105 1736 Bembini
2134 1711 2213 1751 ope
2237 1704 2446 1748 nequeant,

284 1757 390 1798 ultra
418 1758 536 1798 huius
566 1758 683 1798 fidem
713 1759 993 1814 progrediendi
1023 1767 1062 1799 et
1093 1758 1230 1799 salutis
1261 1774 1282 1798 e
1311 1759 1538 1799 coniectura
1569 1759 1760 1813 petendae
1790 1760 2065 1799 necessitatem
2088 1767 2321 1799 monstrent.
2386 1760 2443 1798 Ea

284 1829 417 1860 autem
446 1829 485 1860 et
515 1822 640 1861 maior
670 1830 711 1861 et
739 1823 870 1861 minor
900 1837 976 1877 pro
1005 1837 1048 1861 re
1079 1830 1306 1877 comparata
1330 1822 1507 1860 Bembini
1530 1821 1621 1860 libri
1645 1823 1844 1877 integritas
1868 1823 1940 1861 etsi
1964 1823 2013 1860 ad
2036 1822 2113 1861 alia
2136 1822 2252 1876 plura
2276 1830 2444 1876 spectat,

283 1891 415 1923 tamen
437 1891 597 1939 praeter
618 1884 771 1936 reliqua
794 1885 835 1923 in
857 1900 937 1925 uno
960 1900 1085 1937 eoque
1108 1885 1286 1925 omnium
1307 1885 1537 1939 gravissimo
1561 1886 1826 1940 corruptionis
1849 1900 1990 1940 genere
2013 1886 2200 1933 cernitur,
2223 1884 2298 1924 hoc
2321 1892 2380 1924 est
2403 1885 2444 1923 in

34 1952 51 1990 ,Φ
283 1948 590 2000 interpolatione
612 1963 659 1987 ex
681 1951 1050 2001 interpretamentis
1072 1956 1170 1989 orta.
1237 1948 1582 1998 Quemadmodum
1606 1948 1710 1988 enim
1732 1948 2035 2003 depravatorum
2066 1949 2104 1987 in
2129 1947 2244 1987 codd.
2268 1947 2445 2002 scripto-

40 2014 42 2018 ’
282 2025 372 2048 rum
393 2009 492 2049 aliae
514 2010 684 2049 aliorum
707 2026 867 2050 caussae
889 2020 981 2051 sunt
1004 2012 1252 2067 praecipuae,
1285 2025 1368 2060 nec,
1390 2018 1434 2050 ut
1456 2011 1532 2050 hoc
1555 2019 1656 2061 utar,
1679 2011 1945 2051 plautinarum
1970 2010 2290 2066 corruptelarum
2313 2011 2444 2066 primo

282 2075 324 2113 in
346 2072 436 2113 loco
459 2072 696 2128 glossemata
717 2074 898 2114 habenda
921 2090 1004 2114 esse
1026 2075 1252 2115 monuimus
1275 2073 1303 2114 l.
1326 2089 1361 2115 c.
1383 2089 1423 2129 p.
1448 2079 1569 2117 748.:
1592 2076 1646 2114 ita
1671 2076 1712 2114 in
1735 2075 1913 2114 Terentii
1936 2073 2079 2113 fabulis
2102 2073 2260 2113 nullum
2283 2082 2343 2113 est
2367 2073 2443 2113 hoc

283 2137 575 2192 depravationis
598 2151 741 2191 genere
765 2137 1025 2189 frequentius.
1090 2139 1211 2188 Quod
1233 2146 1273 2177 et
1296 2139 1348 2177 ita
1371 2152 1452 2176 esse
1473 2145 1513 2177 et
1536 2137 1827 2192 propemodum
1850 2138 2016 2176 dixerim
2039 2152 2118 2176 non
2143 2152 2259 2192 posse
2281 2152 2363 2176 non
2390 2137 2442 2175 ita

283 2214 366 2240 esse
389 2199 585 2240 neminem
609 2198 723 2240 facile
746 2199 890 2255 fugiat,
924 2201 991 2252 qui
1014 2216 1096 2241 non
1118 2216 1281 2256 prorsus
1303 2199 1422 2240 hodie
1444 2198 1615 2255 fugitivis
1639 2199 1763 2240 oculis
1787 2200 2013 2249 Basilicam,
2037 2199 2239 2247 Vaticani,
2269 2199 2438 2239 Ambro-

286 2262 383 2302 siani
407 2263 579 2318 speciem
596 2271 636 2303 et
658 2263 932 2303 condicionem
956 2271 1157 2303 externam
1181 2265 1401 2304 intueatur:
1434 2277 1603 2314 quorum
1628 2263 1803 2319 singulae
1826 2264 1991 2319 paginae
2013 2277 2095 2303 non
2127 2270 2281 2302 tantum
2311 2261 2442 2316 reple-

283 2335 346 2365 tae
369 2333 461 2364 sunt
484 2334 523 2365 et
546 2334 735 2377 tanquam
755 2327 905 2366 obsitae
923 2328 1148 2381 adscriptis,
1170 2327 1458 2382 superscriptiS,
1481 2327 1715 2381 subscriptis
1739 2327 1894 2366 infinito
1917 2341 2082 2365 numero
2104 2325 2445 2381 explicationibus,

283 2388 351 2428 sed
374 2388 530 2427 easdem
553 2404 669 2443 saepe
691 2390 742 2428 ab
766 2390 859 2443 ipsis
883 2397 1024 2444 poetae
1047 2391 1174 2429 verbis
1196 2390 1295 2429 adeo
1319 2389 1397 2427 sive
1420 2388 1641 2428 littei-arum
1664 2389 1793 2428 forma
1823 2391 1901 2428 sive
1931 2389 2112 2428 locorum
2143 2387 2445 2441 opportunitate

284 2465 367 2491 non
397 2450 601 2491 distinctas
635 2459 788 2501 tenent,
830 2460 874 2493 ut
903 2467 984 2493 non
1014 2466 1126 2503 raro,
1164 2451 1466 2508 interpretarine
1484 2450 1645 2505 'aliquid
1675 2450 1825 2492 librarii
1856 2449 2052 2491 voluerint
2089 2465 2140 2490 an
2170 2448 2245 2506 ipsi
2274 2447 2445 2497 fabulae,

283 2514 392 2565 quod
414 2515 455 2552 in
477 2515 690 2554 verborum
711 2517 974 2555 continuitate
997 2516 1100 2555 forte
1123 2517 1313 2556 omissum
1336 2522 1454 2563 esset,
1488 2516 1676 2564 adiicere,
1710 2516 1869 2553 minime
1901 2513 2063 2564 liqueat.
2125 2516 2182 2552 Ac
2213 2512 2308 2551 licet
2338 2526 2446 2552 non-

34 2614 56 2622 ,
282 2592 498 2629 numquam
521 2585 602 2617 tam
625 2579 825 2619 evidenter
847 2578 986 2619 talium
1009 2579 1201 2634 originem
1223 2578 1503 2635 glossematum
1537 2578 1761 2626 ostendere,
1795 2585 1839 2616 ut
1867 2576 2001 2616 hercle
2032 2577 2207 2615 incurrat
2229 2576 2270 2614 in
2293 2575 2447 2624 Oculos,

26 2663 61 2677 γ
282 2639 392 2680 velut
422 2656 469 2681 ex
498 2640 650 2697 duplici
678 2644 880 2699 =scriptura
909 2642 1032 2698 ipsius
1067 2643 1244 2682 Bembini
1272 2643 1314 2693 I,
1348 2647 1417 2686 52.
1446 2641 1504 2691 Il,
1539 2648 1635 2691 28„
1668 2657 1714 2681 ex
1744 2639 2104 2695 interpretamentis
2136 2638 2319 2680 Halensis
2353 2639 2444 2679 libri

283 2705 430 2758 (neque
453 2705 556 2743 enim
580 2721 626 2745 ex
643 2705 787 2746 Italicis
811 2706 888 2746 illis
906 2706 1178 2746 vetustissimis
1195 2708 1394 2763 ingentem
1416 2705 1516 2745 hauc
1539 2705 1818 2761 glossematum
1841 2711 2012 2759 segetem
2035 2703 2337 2759 descripsimus)
2361 2705 2444 2744 Per.

285 2772 328 2810 5.
350 2768 399 2816 Π,
425 2771 496 2809 47.
518 2767 625 2808 alibi.
658 2770 789 2818 Quam
812 2771 998 2809 immania
1020 2778 1153 2809 autem
1176 2770 1253 2809 hoc
1275 2770 1395 2809 modo
1422 2769 1640 2823 scripturae
1662 2774 1838 2807 monstra
1861 2767 2051 2807 exsistant
2085 2766 2292 2806 luculento
2313 2781 2450 2806 exem-

281 2828 352 2885 plo
375 2837 573 2873 extremus
596 2847 729 2873 versus
750 2833 964 2888 periochae
987 2833 1115 2874 docet.
1181 2834 1293 2884 Quae
1316 2848 1407 2874 cum
1429 2832 1482 2872 ita
1503 2832 1596 2883 sint,
1628 2831 1724 2884 quid
1746 2838 1804 2870 est
1827 2830 2001 2880 tandem,
2035 2846 2107 2871 cur
2140 2830 2232 2871 inde
2262 2845 2286 2870 a
2307 2838 2450 2882 quarto
