2768 3277
1353 134 1420 188 lo

305 300 376 340 sed
406 299 490 340 fors
518 299 728 347 obiecerit,
760 296 1043 352 praestantiam
1073 294 1214 345 iactat,
1255 294 1417 335 minime
1446 293 1621 346 reliquos
1652 303 1951 350 perscrutatus;
1988 295 2089 338 nihil
2120 298 2244 353 magis
2266 295 2481 338 ridiculum

307 378 429 414 quam
451 363 561 414 quod
582 362 695 400 istius
718 359 905 398 nimirum
923 358 1188 413 praestantiae
1211 356 1370 397 laudem
1386 372 1432 397 eo
1456 356 1536 396 sere
1558 357 1776 412 probatum
1797 366 1913 408 eunt,
1944 367 1991 399 ut
2011 373 2134 414 saepe
2149 363 2372 402 consentin
2392 372 2480 401 cum

309 427 567 468 Bentlee‘am’s
593 424 795 463 dictitent:
837 421 950 473 quasi
981 434 1063 460 non
1092 420 1220 461 bonae
1252 420 1470 476 scripturae
1502 434 1593 460 cum
1623 420 1664 460 in
1694 421 1886 477 pessimos
1908 422 2110 463 interdum
2132 423 2288 464 codices
2312 422 2480 465 fortuito

311 494 509 544 irrepant,
541 496 626 527 tum
656 499 800 540 magno
837 499 930 524 sane
961 498 1129 523 numero
1152 485 1372 524 necessario
1397 498 1626 523 communes
1648 485 1913 539 pessimorum
1936 486 2015 526 sint
2037 501 2129 526 cum
2151 487 2334 542 optimis:
2368 487 2482 539 quasi

312 568 404 593 vero
428 567 508 592 non
530 551 710 606 ipsorum
734 547 1000 587 diversissima
1021 546 1124 587 ratio
1148 547 1199 587 sit
1223 546 1542 587 Bentleianorum
1564 545 1781 588 librorum:
1804 550 1917 601 quasi
1940 549 2108 602 denique
2130 563 2270 589 eorum
2292 549 2398 590 ullus
2420 548 2484 590 vel

310 615 534 656 distinctius
557 612 781 667 descriptus
803 610 866 651 vel
888 610 1110 667 religiosius
1133 611 1185 651 sit
1206 612 1505 667 pervestigatus.
1537 611 1693 660 Quodsi
1716 610 1821 652 forte
1843 612 1948 653 inter
1969 612 2094 654 libros
2116 628 2207 652 mss.
2239 626 2339 665 quos
2362 626 2485 669 supra

311 679 579 718 recensuimus
594 675 752 715 circiter
774 675 979 730 octoginta
1001 689 1104 713 unus
1127 682 1167 713 et
1182 674 1275 714 item
1290 673 1390 713 alter
1407 682 1531 714 exstet
1548 673 1609 713 vel
1626 674 1864 726 antiquitate
1880 675 1941 715 vel
1960 677 2138 716 bonitate
2151 684 2304 716 ceteros
2323 674 2484 731 pleros-

310 757 387 794 que
415 754 607 796 superans
638 744 888 791 (quanquam
918 737 996 779 hoc
1025 738 1157 793 ipsum
1187 751 1264 790 qua
1293 738 1445 778 ratione
1474 752 1601 790 quove
1632 738 1718 778 iure
1740 754 1787 779 ex
1813 738 1916 779 binis
1942 741 2111 780 ternisve
2137 738 2198 779 vel
2222 739 2340 780 etiam
2362 736 2483 779 nullis

310 806 531 859 scripturae
553 801 746 856 exemplis
768 816 843 856 per
865 802 1049 842 CLXVI.
1071 815 1206 840 versus
1227 800 1355 839 allatis
1379 800 1586 856 colligas?)
1610 809 1742 841 tamen
1764 802 1862 854 quid
1884 803 2044 843 tandem
2067 802 2181 843 celati
2204 808 2376 859 prosunt
2393 801 2485 842 the-

312 868 416 907 sauri
448 867 526 906 sive
555 866 604 905 ad
628 866 761 921 ipsum
785 873 947 920 poetam
969 864 1261 904 emendandum
1283 864 1362 903 sive
1385 865 1436 903 ad
1458 881 1549 904 mss.
1572 873 1689 904 testes
1713 866 1753 903 in
1775 880 1919 920 genera
1942 875 1981 905 et
2011 866 2154 905 classes
2184 866 2376 917 quasdam
2399 866 2485 903 dis-

311 928 564 987 pertiendos?
598 927 721 979 Quod
745 942 838 968 cum
860 926 1130 968 firmissimum
1152 942 1236 967 esse
1259 926 1416 968 criticae
1438 929 1531 969 artis
1555 927 1793 969 factitandae
1816 928 2120 970 fundamentum
2144 928 2280 977 soleat,
2310 929 2352 967 in
2373 926 2486 967 nulla

312 1004 445 1033 tamen
467 1008 510 1031 re
533 993 657 1047 magis
682 992 874 1030 fluctuare
896 998 936 1030 et
958 990 1192 1029 hariolando
1215 991 1346 1046 vagari
1369 991 1547 1030 Terentii
1571 991 1740 1031 editores
1758 991 1905 1031 videas.
1970 992 2097 1032 Nobis
2121 992 2254 1048 igitur,
2276 1005 2356 1044 quo
2378 1004 2484 1030 nunc

310 1073 372 1096 res
396 1056 487 1096 loco
511 1063 583 1104 est,
616 1054 712 1106 quid
735 1054 885 1109 putatis
907 1053 1014 1092 aliud
1038 1053 1277 1103 faciendum,
1308 1054 1383 1092 nisi
1407 1063 1452 1094 ut
1473 1055 1756 1110 praetermissis
1779 1055 1963 1111 priorum
1985 1056 2185 1096 editorum
2208 1055 2331 1111 copiis
2354 1053 2486 1094 omni-

310 1122 385 1161 bus
410 1121 452 1161 in
474 1119 636 1168 nostris,
659 1118 707 1158 de
730 1117 874 1169 quibus
897 1116 991 1157 solis
1014 1116 1133 1172 plene
1156 1126 1322 1166 constet,
1345 1118 1633 1158 subsistamus?
1656 1122 1785 1170 Atque
1809 1120 1849 1158 in
1873 1128 2045 1158 mentem
2068 1120 2174 1158 venit
2190 1120 2485 1173 Boettigeranae

311 1183 609 1240 disputationis,
631 1195 709 1233 qua
730 1180 827 1219 duas
851 1195 935 1221 esse
958 1179 1142 1220 codicum
1165 1180 1499 1222 Terentianorum
1524 1181 1690 1223 familias
1712 1196 1928 1234 eorumque
1950 1181 2081 1237 capita
2104 1190 2144 1222 et
2160 1180 2349 1237 ἀρχηγοὺς
2366 1182 2484 1222 Bem-

311 1249 454 1289 binum
475 1254 594 1297 atque
617 1243 767 1284 Bentlei
792 1244 1158 1300 cantabrigiensem
1181 1244 1448 1285 academicum
1470 1246 1743 1301 pronuntiavit
1764 1247 1911 1301 Opusc.
1935 1260 1973 1300 p·
2000 1249 2103 1288 242.
2125 1247 2248 1287 Cuius
2271 1244 2485 1286 sententiae

313 1326 406 1366 pars
423 1309 546 1348 altera
564 1323 656 1346 vera
675 1316 748 1354 est,
771 1307 871 1346 salsa
886 1307 1024 1346 altera.
1057 1308 1166 1356 Quid
1182 1315 1243 1346 est
1260 1309 1376 1357 enim,
1393 1322 1464 1346 cur
1479 1308 1539 1347 vel
1560 1310 1663 1348 inter
1685 1309 1793 1365 ipsos
1813 1308 2062 1348 Bentleianos
2081 1308 2180 1349 adeo
2198 1309 2370 1349 eminere
2382 1321 2484 1347 unus

314 1374 381 1413 ille
404 1372 664 1413 Academicus
688 1370 901 1412 credatur?
934 1371 1044 1422 quod
1073 1370 1189 1422 quale
1221 1371 1272 1411 sit
1293 1386 1496 1425 speramus
1520 1371 1606 1411 sore
1628 1380 1673 1411 ut
1703 1374 1892 1411 Vestrum
1914 1372 2111 1426 quispiam
2135 1371 2367 1426 explicatius
2390 1384 2486 1425 per-

313 1443 516 1489 sequatur.
547 1435 724 1474 Rursum
746 1440 880 1474 autem
901 1433 1000 1486 quid
1022 1440 1094 1482 est,
1115 1448 1187 1475 cur
1201 1449 1250 1474 ne
1268 1433 1510 1486 reliquorum
1529 1435 1688 1486 quidem
1707 1433 1813 1475 ullus
1828 1434 1877 1474 ab
1891 1433 1977 1474 aliis
1993 1442 2276 1488 usurpatorum
2298 1433 2484 1473 accedere

312 1500 362 1538 ad
377 1497 713 1552 Cantabrigiensis
737 1495 842 1535 illius
866 1496 1151 1550 praestantiam
1174 1496 1279 1535 visus
1302 1496 1378 1536 sit?
1402 1496 1575 1536 Breviter
1597 1497 1726 1537 dicam
1747 1497 1857 1550 quod
1878 1511 1940 1536 res
1964 1505 2035 1537 est.
2069 1498 2158 1537 Duo
2183 1503 2277 1535 sunt
2298 1506 2390 1536 sane
2413 1509 2487 1535 co·-

312 1563 447 1602 dicum
470 1575 627 1616 genera,
648 1567 719 1599 aut
740 1569 834 1600 ante
857 1560 1116 1613 Calliopii
1132 1560 1403 1600 recensionem
1426 1561 1669 1615 scriptorum
1691 1569 1760 1600 aut
1782 1575 1827 1600 ex
1851 1574 1896 1599 ea
1918 1560 2004 1615 ipsa
2026 1560 2254 1600 ductorum.
2286 1558 2399 1599 Illius
2415 1573 2487 1614 ge·-

314 1626 419 1666 neris
442 1624 562 1680 longe
584 1623 766 1664 omnium
787 1623 1086 1676 antiquissimus
1108 1623 1327 1665 Bembe'nus
1349 1631 1426 1672 est,
1458 1625 1521 1663 cui
1544 1624 1637 1664 satis
1662 1615 1907 1664 confidenter
1931 1625 1970 1666 V
1969 1627 2228 1673 ictarianum,
2260 1623 2489 1663 dubitanter

315 1689 515 1744 iungimus
545 1689 833 1729 Decurtatum:
875 1687 954 1726 huc
985 1687 1185 1743 pertinent
1216 1687 1321 1728 circa
1342 1687 1420 1727 IX.
1451 1686 1648 1727 saeculum
1671 1687 1810 1743 scripti
1832 1689 2111 1736 Base'lae'canus,
2136 1688 2376 1736 Vaticanus,
2393 1687 2489 1728 Am-

316 1755 551 1800 brosianus,
584 1749 770 1805 Calliopii
802 1765 965 1805 operam
988 1752 1072 1805 ipsa
1095 1751 1389 1805 subscriptione
1412 1751 1553 1790 testati.
1602 1753 1806 1791 Praeterea
1828 1759 1960 1791 autem
1983 1767 2031 1791 ex
2054 1753 2190 1791 eadem
2213 1749 2400 1805 Calliopii
2422 1764 2490 1789 re-

315 1816 501 1856 censione
519 1822 707 1865 tanquam
724 1829 744 1852 e
761 1814 965 1853 communi
983 1812 1093 1854 fonte
1110 1814 1239 1854 omnis
1257 1813 1548 1868 propemodum
1565 1813 1812 1866 reliquorum
1826 1814 2009 1855 codicum
2029 1814 2247 1854 multitudo
2266 1812 2488 1867 vulgarium

314 1877 532 1933 repetenda
549 1884 621 1924 est,
643 1890 816 1927 quorum
840 1890 920 1927 quo
937 1877 1070 1916 minor
1087 1884 1204 1926 aetas,
1218 1891 1265 1916 eo
1285 1877 1410 1915 maior
1427 1875 1526 1915 solet
1543 1875 1734 1932 gliscente
1752 1876 1840 1916 labe
1850 1877 2023 1933 pravitas
2040 1892 2136 1925 esse,
2153 1874 2489 1930 utaequiperandi

315 1942 443 1980 tribus
462 1939 542 1980 illis
558 1939 722 1978 vetustis
742 1940 860 1994 pauci
879 1940 1100 1989 videantur,
1122 1940 1225 1980 infra
1245 1955 1382 1980 eorum
1400 1940 1630 1990 bonitatem,
1652 1955 1773 1992 quam
1791 1941 1917 1995 ipsam
1931 1941 2078 1980 rectius
2096 1939 2409 1979 mediocritatem
2424 1937 2490 1977 di-

316 2002 558 2058 xeris‚longe
569 2001 735 2057 plurimi
753 2002 982 2042 subsistant.
1000 2004 1222 2053 Quiautem
1240 2003 1440 2055 exquibus
1458 2019 1527 2058 per
1545 2019 1643 2055 quas
1658 2003 1971 2058 propinquitatis
1983 2003 2270 2042 vicissitudines
2281 2001 2489 2050 manarint,

316 2068 357 2107 id
369 2067 529 2119 quidem
547 2080 653 2105 nunc
671 2065 895 2105 accuratius
912 2066 1051 2106 sciriet
1061 2065 1289 2121 singulatim
1304 2064 1500 2105 enucleari
1517 2067 1667 2118 nequit,
1685 2066 1753 2106 sed
1771 2065 1959 2106 facillime
1977 2066 2154 2121 indagari
2171 2066 2303 2105 ascitis
2324 2063 2385 2104 vel
2395 2062 2488 2104 solis

315 2130 561 2170 nostratibus
583 2128 738 2180 aliquot
760 2129 964 2169 codicibus
988 2130 1157 2185 poterit,
1199 2130 1306 2170 velut
1329 2128 1647 2185 Guelferbytanis
1670 2137 1763 2170 octo
1794 2129 1864 2184 (cf.
1886 2130 2025 2170 Eberti
2047 2129 2150 2170 Bibl.
2168 2127 2302 2169 Guelf.
2325 2143 2365 2183 p.
2405 2134 2489 2171 160

316 2197 422 2245 sqq.)
433 2192 494 2230 vel
505 2190 825 2230 Berolinensibus
847 2192 1408 2248 Rehdigeranisve,Gothanis‚
1423 2192 1808 2243 Vindobonensibus,
1825 2193 2033 2249 Lipsiensi,
2049 2192 2151 2233 aliis.
2168 2194 2207 2232 N
2210 2207 2253 2232 ec
2270 2192 2415 2231 mirum
2431 2199 2492 2232 est

317 2259 357 2295 in
374 2255 615 2308 quibusdam
633 2253 760 2302 libris,
783 2263 829 2293 ut
843 2255 903 2294 vel
928 2271 975 2294 ex
998 2257 1207 2310 proposita
1229 2258 1449 2312 scripturae
1469 2257 1694 2296 diversitate
1712 2256 1990 2311 Adelphorum
2008 2255 2257 2311 intelligitur,
2283 2262 2492 2306 utramque

316 2319 588 2360 recensionem
611 2317 721 2356 vario
745 2324 1060 2373 temperamento
1082 2319 1247 2360 mixtam
1269 2334 1473 2375 apparere,
1504 2335 1539 2359 e.
1561 2335 1596 2359 c.
1619 2320 1660 2359 in
1685 2321 1724 2360 V
1722 2320 1995 2360 indobonensi:
2028 2318 2352 2371 qualelibrorum
2369 2333 2491 2372 genus

319 2397 408 2422 cum
428 2395 545 2435 saepe
565 2380 720 2419 accidat
738 2387 781 2419 ut
800 2382 943 2420 merito
963 2389 1022 2421 sat
1041 2383 1172 2437 magni
1192 2383 1434 2430 aestimetur,
1457 2390 1587 2423 tamen
1607 2383 1769 2422 minoris
1785 2381 1845 2422 vel
1863 2381 2012 2422 nullius
2032 2382 2074 2421 in
2090 2381 2281 2421 Terentio
2300 2381 2491 2420 momenti

318 2453 391 2492 est,
408 2445 519 2483 cuius
544 2443 656 2480 binas
679 2445 927 2482 recensiones
951 2443 1068 2483 liceat
1090 2445 1193 2484 inter
1209 2461 1249 2485 se
1267 2446 1454 2485 discretas
1478 2460 1523 2484 ex
1547 2446 1642 2501 ipsis
1661 2445 1912 2502 principibus
1931 2445 2109 2486 fontibus
2128 2451 2274 2500 petere.
2296 2443 2494 2484 Omnino-

319 2524 395 2560 que
412 2506 614 2547 verissime
637 2521 658 2545 a
676 2507 903 2561 Boettigero
935 2506 1037 2547 illud
1059 2523 1142 2547 esse
1165 2509 1314 2549 dictum
1339 2516 1538 2563 putamus,
1572 2510 1804 2548 Bembinum
1827 2517 1867 2549 et
1888 2509 2051 2548 alterius
2075 2507 2246 2546 familiae
2270 2507 2400 2547 sontes
2422 2508 2491 2558 qui

318 2578 427 2620 recte
448 2570 558 2609 norit
578 2569 704 2621 iisque
721 2570 869 2610 Donati
892 2569 1115 2627 fragmenta
1135 2571 1373 2621 adiunxerit,
1407 2571 1445 2611 in
1475 2579 1634 2612 centum
1666 2571 1748 2612 sere
1780 2572 1984 2613 codicibus
2017 2569 2180 2622 reliquis
2211 2571 2271 2610 vix
2295 2570 2496 2622 quinqua-

319 2636 443 2690 ginta,
472 2638 643 2685 ‘quarum
667 2631 808 2684 aliquis
832 2649 916 2673 esse
939 2650 1033 2675 usus
1056 2636 1197 2692 possit,
1229 2636 1451 2692 scripturae
1474 2636 1759 2692 discrepantias
1783 2637 2058 2676 inventurum:
2090 2648 2136 2675 ac
2159 2634 2326 2675 fortasse
2346 2632 2408 2674 vel
2429 2633 2495 2673 hic

319 2712 509 2737 numerus
542 2696 699 2736 nimius.
764 2697 902 2749 Itaque
933 2713 1026 2738 cum
1056 2699 1211 2739 critices
1234 2699 1509 2749 Terentianae,
1546 2708 1740 2751 quatenus
1772 2715 1793 2739 e
1823 2701 2067 2755 scriptorum
2089 2697 2286 2738 librorum
2307 2697 2497 2737 memoria

317 2769 413 2818 apta
436 2768 509 2809 est,
532 2773 686 2799 summa
702 2760 955 2802 contineatur
977 2762 1018 2802 in
1040 2762 1167 2817 probe
1190 2770 1401 2819 perspecta
1424 2762 1609 2818 Calliopii
1633 2777 1769 2819 opera,
1799 2763 1848 2803 de
1871 2763 1945 2802 hac
1969 2762 2106 2818 paucis
2129 2761 2402 2801 disserendum
2423 2768 2497 2801 est.

318 2824 498 2865 Instituit
529 2829 663 2862 autem
697 2822 764 2863 ille
788 2824 856 2878 (de
885 2839 965 2877 quo
994 2827 1158 2881 copiosa
1188 2835 1316 2868 exstat
1347 2826 1498 2867 Barthii
1531 2826 1749 2882 disputatio
1772 2826 1983 2867 Adversar.
2006 2826 2073 2877 VJ,
2099 2829 2189 2876 20.)
2212 2838 2294 2864 non
2316 2823 2496 2864 Terentii
