2768 3277
317 291 461 338 Bbello
489 292 740 347 aliquatenus
772 291 1019 348 descriptus:
1060 298 1266 347 postremo
1298 281 1631 334 Vindobonmaeb'
1650 290 1920 349 fragmentum
1957 295 2053 337 satis
2079 295 2290 349 antiquum
2313 294 2427 353 (Ε),
2457 295 2499 337 iu

318 355 553 399 Endlicheri
576 356 702 398 cml.
724 356 840 397 MSS.
865 355 982 396 vind.
1004 355 1034 404 1,
1057 369 1099 411 p.
1120 361 1160 398 2.
1182 370 1312 411 nuper
1342 356 1598 397 recensitum.
1650 357 1836 407 Quorum
1860 358 2040 400 omnium
2063 359 2287 400 curabimus
2310 368 2356 401 ut
2375 374 2499 401 accu-

320 421 448 462 ratior
465 420 696 478 ·descriptio
724 418 823 460 olim
850 418 957 461 sorus
986 417 1117 459 detur.
1171 419 1377 461 Praeterea
1406 420 1452 463 F
1475 418 1609 462 littera
1635 418 1865 468 ,notavimus
1886 422 2131 466 Holenam:
2170 424 2344 479 reliquae
2365 431 2499 466 autem

321 500 414 525 cum
444 485 628 534 dicimus,
657 488 813 524 nostros
843 481 1111 539 significamus
1144 484 1319 537 quinque
1350 498 1442 524 cum
1471 483 1649 525 Halensi.
1702 487 1763 525 De
1789 483 1853 524 his
1882 500 1951 533 sex
1981 488 2185 530 codicibus
2207 489 2287 529 sive
2307 488 2499 529 universis

321 549 403 589 sive
435 547 600 604 singulis
631 548 699 588 ubi
723 556 913 597 tacemus,
945 546 1152 588 sciendum
1185 555 1245 588 est
1273 561 1364 587 cum
1393 546 1547 589 Bentlei
1575 547 1775 603 scriptura
1796 562 1865 588 eos
1888 552 2131 592 consentire:
2165 551 2499 608 Guelferbytanos

319 619 453 654 autem
476 619 516 654 et
536 610 737 653 Palatinos
761 608 911 651 nullius
935 608 1096 651 uomin'e
1119 610 1328 652 distinctos
1350 610 1593 653 Perletiauos
1625 618 1666 653 et
1687 612 1884 653 Paoeanos
1906 627 2003 657 esse.

446 735 490 768 G.
519 735 661 778 Sulpici
690 734 919 777 Apollinaris
950 733 1129 766 Periocha
1156 735 1196 766 A.
1226 734 1492 775 Argumentum
1525 733 1573 765 vel
1605 733 1742 775 Incipit
1771 733 2041 776 Argumentum
2077 738 2199 779 reliqui
2219 737 2254 769 h.
2274 725 2311 769 ,a
2341 738 2500 771 BCDEF.

507 801 537 833 1.
581 797 880 831 adolescentulos
915 795 954 829 F.
1141 799 1174 832 2.
1221 795 1404 828 aecciuum
1441 795 1511 828 ΒΕ.
1698 797 1731 833 8.
1777 792 1840 829 sed
1870 802 1908 830 et
1938 799 2170 843 tesiphontem
2198 810 2321 834 secum
2350 800 2498 841 retinet,

320 864 438 892 omisso
469 862 581 901 hunc,
604 863 644 893 E.
806 865 839 894 4.
883 858 1140 901 cytharistriae
1169 859 1271 889 ΒΕΓ.
1428 860 1461 893 5.
1506 859 1650 890 celebat
1675 858 1721 889 D.
1753 858 1921 890 caelabat
1941 860 1980 891 F.
2144 862 2313 894 eschinus
2335 864 2377 903 E,
2400 864 2500 894 etiam

321 936 348 954 v.
374 928 404 957 8.
594 924 730 956 famam
764 923 924 966 quoque]
948 923 1084 955 famam
1116 922 1168 954 rei
1200 923 1237 954 A.
1269 921 1479 964 famamque
1508 922 1636 963 reliqui.
1825 923 1858 956 6.
1905 933 1981 955 sese
2003 925 2042 956 A.
2066 935 2104 957 se
2133 926 2299 967 reliquia
2329 925 2497 958 Bothiani.

507 986 756 1018 transferabat
778 986 822 1019 D,
991 986 1024 1019 7.
1070 983 1294 1026 phidicinam
1322 984 1361 1015 A.
1541 982 1652 1023 eripit
1673 982 1801 1014 lenoni
1822 983 1861 1015 A.
1885 983 2012 1017 lenoni
2036 987 2156 1030 eripui
2179 999 2221 1020 m.
2243 998 2291 1030 pr.
2316 987 2352 1019 C.
2375 985 2500 1020 lenoni

318 1050 455 1090 eripuit
477 1050 547 1080 rell.
719 1050 915 1080 viciaverat
937 1050 976 1078 E.
1144 1050 1176 1081 8.
1221 1047 1348 1079 Eidem
1370 1048 1409 1078 A.
1579 1046 1657 1076 cive
1680 1047 1717 1076 A.
1877 1046 2045 1080 Atticam
2075 1050 2137 1080 sed
2165 1061 2272 1092 paup.
2295 1051 2340 1082 D.

320 1126 372 1156 10.
414 1122 563 1164 iurgare
585 1122 710 1161 ABCF,
741 1121 855 1153 Bothii
881 1121 992 1162 Guelf.
1017 1125 1047 1155 1.
1071 1125 1102 1156 2.
1134 1121 1280 1161 iurgare
1301 1126 1340 1152 et
1360 1121 1407 1158 D,
1431 1120 1546 1151 Bothii
1568 1119 1674 1150 Berol.
1699 1122 1730 1153 1.
1752 1120 1785 1153 8.
1809 1119 1948 1150 Helmst.
1968 1120 2114 1163 iurgare
2137 1134 2178 1154 ac
2201 1123 2305 1154 Berol.
2326 1126 2359 1158 2.
2382 1124 2500 1166 iux-g.-

318 1184 384 1216 bat
413 1189 451 1217 et
479 1185 520 1217 E.
709 1183 822 1227 ferre]
852 1182 997 1216 ferebat
1026 1184 1067 1216 E.
1257 1185 1305 1218 11.
1348 1181 1409 1225 Vt]
1440 1181 1488 1214 Et
1518 1181 1556 1214 A.
1743 1182 1797 1217 12.
1841 1180 2009 1214 vitiatam
2031 1184 2069 1216 A.
2095 1196 2116 1218 a
2136 1195 2173 1218 te
2195 1184 2362 1218 vitiatam
2384 1185 2500 1219 civem

319 1247 474 1277 atticam
495 1247 674 1288 virginem
699 1256 851 1278 uxorem
874 1245 1008 1286 BCDF,
1032 1247 1287 1276 Lindenbruchii
1307 1246 1433 1286 Regius
1455 1253 1486 1275 et
1506 1244 1607 1285 Pith„
1643 1251 1674 1274 ct
1696 1244 1770 1283 „sic
1780 1243 1886 1283 ,ἡνί’
1909 1239 2080 1278 Bothiani.
2104 1257 2123 1277 a
2146 1257 2207 1277 sae
2228 1247 2398 1278 viciatam
2422 1247 2499 1279 cive

321 1309 501 1352 virginem
529 1308 682 1341 atticam
713 1319 864 1341 uxorem
888 1310 928 1340 E.
1100 1310 1244 1353 tesipho
1267 1309 1308 1340 D.
1481 1305 1748 1340 citharista-iam
1769 1307 1808 1338 A.
1833 1307 2059 1340 citharistria
2088 1310 2201 1351 (cyth.
2226 1309 2330 1348 CDE)
2353 1317 2497 1342 exorato

320 1381 383 1402 suo
415 1376 519 1414 patre
552 1370 646 1402 duro
674 1371 803 1403 demea
833 1370 995 1412 BCDEF,
1039 1373 1120 1413 Reg.
1151 1380 1180 1403 et
1209 1371 1294 1403 Pith.
1322 1370 1436 1411 Lina„
1466 1378 1496 1401 et
1524 1369 1600 1410 „sic
1612 1367 1713 1410 fere“
1742 1368 1913 1409 Baebiani,
1947 1381 1963 1401 e
1992 1381 2129 1412 quorum
2159 1371 2263 1404 Ber-ol.
2284 1375 2315 1407 2.
2338 1380 2498 1415 praeterea

318 1435 457 1475 affertur
479 1434 717 1465 citharistria.

445 1495 684 1530 PROLOGVS
713 1505 801 1529 totus
829 1496 917 1529 abest
946 1497 986 1529 ab
1016 1498 1057 1529 Ε.
1247 1499 1276 1533 3.
1319 1506 1444 1529 sumus
1471 1496 1675 1537 paenultima
1695 1495 1807 1527 littera
1831 1504 1971 1528 correcta
1993 1496 2031 1529 C.
2217 1495 2248 1532 4.
2291 1496 2372 1539 lpse
2395 1497 2438 1530 de
2461 1509 2499 1530 se

320 1559 457 1592 indicio
481 1568 573 1591 vetus
595 1560 693 1591 editio
716 1571 767 1601 ap.
792 1560 949 1593 lVesterh.
1075 1560 1147 1591 erit
1168 1560 1265 1591 BCF.
1289 1560 1401 1602 eripit
1422 1560 1460 1591 A.
1485 1560 1557 1592 erit
1580 1565 1617 1591 et
1638 1560 1686 1600 D,
1709 1558 1798 1591 codd.
1821 1559 1955 1600 quidam
1980 1559 2204 1602 Westerhovii,
2228 1559 2341 1592 Bothii
2361 1561 2496 1593 Helmst.

318 1633 347 1653 et
382 1622 485 1665 Frib.‚
518 1604 640 1656 Perleti
666 1623 777 1665 Guelf.
808 1627 839 1659 2.
1028 1622 1168 1655 iudices
1201 1623 1301 1654 eritis
1331 1624 1370 1654 Β.
1400 1622 1541 1655 iudices
1573 1622 1611 1661 C,
1635 1623 1672 1653 in
1695 1632 1777 1663 mrg.
1801 1622 1905 1663 posito
1929 1622 2046 1654 eritis.
2230 1623 2261 1657 5.
2305 1632 2349 1654 an
2371 1634 2434 1655 om.
2458 1625 2496 1655 A.

506 1686 593 1718 duci
620 1688 651 1717 it
676 1687 817 1717 sactum
848 1687 886 1716 A.
916 1685 1004 1716 duci
1034 1685 1177 1716 factum
1208 1685 1245 1716 id
1267 1685 1379 1716 Bemb.
1410 1693 1440 1716 et
1470 1686 1553 1716 Vict.
1585 1692 1664 1715 teste
1685 1683 1824 1726 Faerno,
1854 1684 1978 1725 duoque
1998 1685 2097 1725 Regii
2118 1685 2225 1716 Bentl.
2248 1685 2334 1717 duci
2356 1686 2498 1718 factum

320 1749 442 1781 BCDF
473 1757 504 1780 et
526 1749 686 1781 Bothictni
715 1757 865 1791 „praeter
888 1747 1220 1790 Guelferbytanum.“
1253 1747 1288 1779 id
1309 1759 1374 1780 om.
1399 1747 1487 1779 codd.
1511 1747 1644 1789 quidam
1668 1748 1771 1779 lVest.
1960 1748 1991 1781 6.
2036 1746 2252 1789 synapothes
2274 1771 2282 1779 .
2302 1768 2312 1779 .
2340 1770 2349 1779 .
2374 1753 2498 1781 centes

320 1812 423 1843 tribus
457 1813 579 1843 litteris
607 1812 708 1857 erosis
738 1812 775 1842 C.
811 1811 1045 1853 sinapothnes
1076 1816 1202 1842 centes
1232 1811 1268 1842 F.
1296 1811 1636 1852 sinapothescontes
1666 1809 1778 1841 diffili
1806 1820 1877 1852 sup.
1907 1821 1968 1842 scr.
1997 1809 2169 1841 Gothanus
2191 1812 2221 1844 l.
2406 1810 2498 1842 difili

323 1886 425 1917 BCD.
627 1886 851 1917 comoediast
888 1887 925 1917 A.
967 1886 1160 1917 comoedia
1202 1892 1258 1918 est
1294 1886 1369 1917 BD.
1415 1870 1582 1917 com⁰edia
1611 1893 1666 1918 est
1696 1884 1732 1915 C.
1758 1885 1926 1917 comedia
1957 1890 2013 1916 est
2035 1884 2073 1916 F.
2260 1886 2294 1918 7.
2335 1884 2496 1925 planstus

318 1951 345 1980 C
374 1959 450 1982 ante
482 1960 644 1980 rasuram.
833 1952 865 1983 8.
911 1949 1122 1982 adolescens
1153 1948 1191 1980 F.
1380 1948 1489 1990 eripit
1518 1949 1622 1980 nostri
1653 1958 1726 1979 cum
1749 1947 1788 1990 F,
1822 1959 1961 1990 „omnes
1981 1946 2082 1990 sere“
2111 1945 2243 1988 Faerni,
2268 1947 2330 1979 duo
2351 1958 2389 1979 ex
2410 1956 2499 1979 vetu-

320 2012 476 2043 stissimis
497 2012 618 2050 BencL,
649 2012 823 2043 Palatinus
853 2012 1008 2052 Fabricii,
1039 2011 1272 2044 Dunelmensis
1293 2019 1322 2043 et
1345 2011 1403 2056 Νβ
1425 2010 1556 2052 Lengii.
1587 2011 1724 2053 eripuit
1745 2011 1865 2052 Lengii
1892 2011 2017 2052 Shipp„
2043 2009 2136 2050 Corp.
2157 2009 2247 2048 chr„
2269 2010 2366 2049 Petu,
2390 2011 2448 2055 Νβ
2467 2020 2498 2042 et

317 2087 429 2107 omnes
460 2075 652 2116 Bodleiani,
682 2086 720 2106 ac
753 2076 891 2117 plurimi
918 2076 1017 2106 lVest.
1209 2077 1240 2109 9.
1284 2084 1368 2105 eum
1392 2085 1456 2105 om.
1486 2074 1595 2106 Mark.
1626 2083 1655 2105 et
1684 2085 1733 2115 pr.
1765 2085 1807 2105 m.
1831 2071 2077 2120 Boendermqk„
2099 2071 2211 2112 Guelf.
2234 2075 2277 2114 2.,
2307 2074 2445 2106 Hclmst.
2468 2086 2498 2107 et

318 2139 468 2180 Friburg.
603 2139 768 2180 plaustus
794 2140 830 2170 C.
960 2143 1011 2173 10.
1058 2137 1217 2180 reliquid
1241 2137 1283 2167 D.
1411 2137 1497 2168 hinc
1520 2138 1558 2177 C,
1578 2138 1646 2168 cod.
1668 2137 1767 2168 Lina.
1927 2136 2058 2168 sumsit
2079 2135 2117 2166 F.
2267 2140 2316 2171 11.
2360 2138 2498 2170 adelfos

315 2202 417 2233 BCD.
591 2202 640 2235 13.
684 2202 901 2233 existimetis
930 2203 1035 2233 nostri
1056 2212 1130 2232 cum
1152 2200 1197 2231 F.-
1223 2200 1297 2231 item
1318 2211 1350 2231 υ.
1375 2202 1426 2234 17.
1587 2200 1636 2235 14.
1682 2201 1880 2242 preteritus
1905 2201 1943 2231 Β.
2114 2197 2347 2241 neclegentia
2376 2206 2431 2233 est
2458 2203 2496 2234 A.

318 2265 550 2308 neglegentia
585 2269 640 2295 est
674 2265 742 2294 rell.
926 2266 976 2298 15.
1023 2264 1196 2296 maledici
1225 2265 1262 2293 A.
1291 2263 1464 2295 malevoli
1487 2263 1617 2294 BCDF.
1801 2262 1937 2294 nobilis
1960 2262 1998 2293 A.
2022 2261 2163 2293 nobiles
2186 2260 2313 2294 BCDF.

318 2331 367 2361 16.
413 2326 660 2368 adsiduaeque
692 2326 736 2356 D.
767 2325 983 2368 assidueque
1013 2326 1051 2357 F.
1216 2327 1264 2359 17.
1306 2324 1403 2369 Quid
1433 2326 1470 2356 A.
1631 2335 1709 2357 esse
1739 2326 1846 2357 nostri
1873 2336 1948 2357 cum
1977 2324 2016 2365 F,
2045 2335 2156 2355 omnes
2185 2324 2304 2356 Faerni
2330 2334 2360 2356 et
2389 2326 2495 2357 Bentl.

318 2390 543 2422 omittebatur
567 2389 658 2420 olim.
812 2391 860 2423 18.
905 2390 965 2421 hic
995 2401 1059 2421 om.
1096 2389 1207 2421 Mark.
1357 2389 1552 2420 maximam
1584 2389 1689 2420 nostri
1721 2399 1795 2419 cum
1823 2389 1862 2420 F.
2022 2390 2073 2422 19.
2117 2387 2220 2418 nobis
2248 2390 2380 2430 quidam
2408 2398 2497 2420 vetu-

318 2453 459 2488 stissimi
481 2453 583 2484 West.
732 2454 785 2486 ΞΟ.
834 2452 917 2484 ocio
941 2451 986 2483 D.
1115 2452 1155 2483 in
1178 2451 1326 2494 negotio
1350 2450 1389 2481 in
1414 2451 1490 2482 otio
1511 2451 1548 2482 F.
1677 2454 1728 2487 21.
1772 2461 1859 2484 usus
1883 2456 1939 2484 est
1961 2450 2068 2482 nostri
2087 2460 2161 2481 cum
2182 2450 2220 2482 F.
2345 2456 2399 2487 22.
2443 2464 2498 2485 ex·
2528 2456 2530 2459 ’

321 2525 492 2567 spectetis
514 2526 552 2557 A.
578 2506 778 2566 eipectetis
802 2524 839 2556 C.
864 2526 1064 2567 expectetis
1087 2525 1155 2557 BF.
1179 2508 1377 2565 expectzitis
1399 2524 1444 2555 D.
1592 2528 1644 2563 28.
1688 2525 1851 2568 primum
1873 2524 1983 2568 Guelf.
2007 2526 2036 2558 1.
2185 2523 2211 2555 ii
2234 2530 2376 2566 partem
2397 2527 2435 2559 A.
2459 2525 2498 2558 hi

318 2593 463 2629 partem
490 2590 529 2629 Β,
561 2588 672 2629 ,,α1ιί’“
702 2588 794 2620 codd.
826 2588 928 2619 West.
956 2588 1011 2620 hii
1041 2593 1184 2631 partem
1217 2587 1274 2618 CF
1297 2597 1327 2619 et
1358 2598 1375 2618 e
1403 2598 1484 2619 corr.
1514 2588 1558 2619 D.
1592 2598 1673 2620 eam
1707 2594 1849 2630 partem
1881 2588 1971 2620 codd.
2002 2587 2138 2628 plurimi
2165 2595 2195 2617 et
2223 2588 2271 2618 ed.
2300 2596 2361 2619 vet.
2395 2590 2493 2621 West.

440 2651 493 2687 24.
536 2658 677 2692 partem
700 2653 805 2683 nostri
824 2636 898 2681 cum
920 2651 959 2683 F.
1107 2650 1372 2694 aequanimitas
1402 2651 1516 2692 nostri,
1543 2651 1582 2682 F.
1612 2657 1656 2682 ut
1686 2651 1952 2693 aequanimitas
1981 2651 2045 2682 duo
2072 2650 2226 2691 Bon-leri,
2255 2650 2364 2693 Guelf.
2391 2655 2422 2687 2.
2454 2659 2497 2684 ut

317 2719 436 2746 vestra
460 2715 728 2756 aequanimitas
753 2715 887 2755 Roma„
913 2715 961 2748 ed.
983 2724 1046 2747 vet.
1072 2716 1172 2747 ll'est.
1196 2719 1314 2746 vestra
1335 2725 1401 2745 om.
1426 2725 1535 2746 ornnes
1559 2713 1675 2755 Leng.‚
1699 2715 1767 2746 nisi
1787 2715 1871 2757 quod
1891 2725 1964 2756 sup.
1988 2724 2048 2745 scr.
2072 2722 2119 2746 est
2142 2715 2178 2745 in
2198 2715 2308 2756 Shipp.

441 2776 610 2807 SGENJ.
639 2777 852 2808 Personarum
870 2780 1005 2809 nomina
1020 2778 1168 2809 consulto
1183 2777 1485 2818 praetermittimus.
1574 2780 1602 2811 1.
1625 2778 1779 2809 Astorax
1802 2780 1839 2809 A.
1929 2777 2024 2809 redit
2042 2777 2077 2808 A.
2162 2779 2192 2810 2.
2217 2760 2442 2810 servolorum
2459 2778 2495 2809 C.

1298 2833 1378 2857 vulgo

317 2859 548 2893 servulorum
578 2860 647 2892 BE.
800 2860 989 2893 adversum
1020 2862 1057 2892 A.
1205 2865 1238 2897 3.
1282 2863 1409 2895 dicunt
1431 2862 1527 2893 Goth.
1553 2865 1582 2895 1.
1733 2863 1827 2904 apsis
1853 2865 1888 2893 A.
2037 2860 2068 2894 4.
2114 2861 2175 2893 ubi
2197 2870 2349 2901 quattuor
2373 2864 2494 2903 Bentl„
