2768 3277
1183 141 1273 197 1⁹.
1301 149 1303 151 ·

147 268 389 363 {holegium
383 306 584 349 Graecam
611 301 822 361 quaternis
835 303 946 346 horis
965 303 1113 347 tradet.
1164 269 1263 347 Pri
1267 305 1436 347 vatin
1444 305 1466 345 i
1469 316 1536 345 me
1556 304 1640 346 111.
1673 304 1826 346 Latine
1844 303 2053 347 scribendi
2069 308 2110 347 et
2130 307 2316 360 loquendi

149 373 457 415 exercu'tationes
488 369 761 413 moderabitur
793 369 918 411 ternis
949 368 1069 410 horis.

277 435 501 478 PALMVS
542 433 843 476 HEchvs
883 432 1207 475 LVDOVICVS
1247 432 1327 473 DE
1365 428 1802 484 BOGVSLAWSM,
1851 434 1926 474 Dr.
1960 434 2011 475 P.
2044 434 2096 475 P.
2129 435 2182 477 Ε.
2215 434 2311 476 Des

152 499 367 541 Publice
388 501 423 541 I.
456 495 662 551 Colloquia
688 496 739 537 de
767 496 885 537 rebus
916 498 1194 536 astronomicis
1215 495 1415 537 moderari
1437 503 1582 550 perget
1603 463 2231 539 d.Ven.h.v1.Pri'vat1m
2251 499 2313 539 11.

152 562 455 605 Observationes
483 562 772 604 astronomicas
800 559 857 601 ad
882 561 1055 601 calculos
1081 573 1226 600 vocare
1255 558 1413 601 docebit
1437 558 1480 599 d.
1511 560 1613 601 Ven.
1644 559 1682 601 h.
1705 576 1742 602 v,
1814 561 2189 604 Praemvataemme
2230 562 2312 604 ΙΙΙ.

151 627 473 682 Geograpbicam
492 627 663 667 locorum
683 623 969 678 longitudinem
989 627 1032 664 et
1051 623 1307 664 latitudinem
1327 623 1625 673 ‹ieter-menandi
1649 627 1777 664 artem
1806 624 2022 678 explicabit
2043 626 2083 666 d.
2105 626 2189 666 Sat.
2213 626 2250 666 h.
2274 640 2311 665 V.

274 690 588 733 MAVRJ'PIVS
621 687 945 729 LVDOVICVS
975 686 1442 735 FRANKENHEIM,
1473 685 1549 726 Dr.
1577 686 1630 727 P.
1660 687 1710 727 P.
1741 688 1792 728 E.
1856 688 2070 729 Publice
2098 690 2133 729 Ι.
2166 689 2233 731 De
2252 690 2311 728 lu-

152 757 255 795 mine
285 758 327 796 et
356 754 488 795 calore
519 752 688 793 disseret
708 750 813 791 dieb.
847 750 952 792 Lun.
984 757 1025 791 et
1056 749 1754 791 Iov.h.1v.11.Astron0nu·am
1774 764 1893 805 quam
1917 753 2153 805 popularem
2174 752 2313 794 dicunt

153 825 327 873 exponet
357 817 461 859 dieb.
494 817 614 857 Mart.
647 821 689 856 et
723 815 823 856 Ven.
858 815 988 856 h.1v.
1052 815 1305 856 Pri'vatzm
1334 814 1415 854 III.
1447 813 1664 867 Physicam
1691 818 1916 856 universam
1943 815 2103 858 docebit
2123 825 2165 858 et
2193 829 2313 870 expe·

152 884 333 923 rimentis
366 881 578 922 illustrabit
606 880 744 934 quinq.
777 893 850 932 per
881 877 998 918 hebd.
1031 879 1070 918 h.
1105 890 1178 917 111.

277 943 702 986 MAXIMlLIANvS
733 941 1021 992 HABICHT,
1053 941 1129 982 Dr.
1164 940 1215 980 P.
1249 940 1299 980 Ρ.
1332 941 1383 981 Ε.
1445 940 1661 981 Publice
1693 942 1729 982 Ι.
1761 942 2078 983 Grammaticam
2106 943 2314 984 arabicam

154 1009 369 1050 secundum
392 1006 713 1048 Rosenmuelieri
736 1005 1011 1046 Institutiones
1039 1003 1226 1060 (Lipsiae
1261 1003 1417 1057 1823.)
1447 1004 1604 1044 docebit
1637 1004 1742 1046 dieb.
1767 1006 1875 1045 Lun.
1898 1012 1939 1045 et
1958 1007 2044 1047 lor.
2067 1007 2106 1047 h.
2129 1020 2187 1048 vl.
2252 1008 2312 1047 ΙΙ.

156 1072 355 1114 Coranum
386 1070 717 1125 interpretabitur
746 1069 850 1111 dieb.
882 1068 988 1109 Lun.
1020 1075 1062 1109 et
1088 1068 1175 1108 Iov.
1199 1067 1237 1108 h.
1260 1082 1297 1107 v,
1360 1068 1620 1109 Privatim
1651 1069 1734 1109 ΙΙΙ.
1765 1068 2017 1122 Αὖάοιῌαίᾔὶ
2044 1070 2315 1123 compendium

154 1136 462 1175 memorabilium
480 1135 663 1187 Aegypti
680 1131 907 1186 (Tuebing.
936 1129 1094 1186 1789.)
1115 1132 1455 1184 interpretabitur.
1488 1132 1561 1171 IV.
1584 1131 1907 1184 Explicatiouem
1932 1131 2020 1172 libri
2044 1134 2162 1174 Mille
2183 1137 2316 1174 noctes

157 1202 197 1239 et
225 1213 307 1240 una
338 1198 518 1252 inscripti
550 1195 768 1237 secundum
801 1194 1016 1235 editionem
1050 1208 1160 1235 suam
1193 1194 1438 1235 continuabit
1469 1194 1576 1235 horis
1605 1194 1855 1236 auditoribus
1886 1208 2031 1236 comm.

279 1261 565 1304 IOSEPHVS
597 1259 890 1301 AVGVSTVS
921 1258 1162 1299 KVTZEN
1173 1288 1185 1307 ‚
1218 1258 1293 1298 Dr.
1316 1258 1366 1298 P.
1397 1257 1449 1298 P.
1472 1258 1524 1298 Ε.
1586 1258 1802 1298 Publice
1824 1259 1860 1299 I.
1893 1259 1961 1300 De
1981 1259 2197 1301 Friderieo
2220 1260 2315 1301 Ma-

156 1339 231 1379 gno
251 1327 413 1378 eiusque
441 1326 576 1364 aetate
598 1322 828 1376 disputabit.
892 1322 1146 1362 Privatim
1168 1322 1226 1362 II.
1260 1321 1490 1361 Historiam
1510 1321 1771 1361 universalem
1791 1321 2046 1363 adumbrabit
2075 1330 2220 1377 quater
2246 1337 2318 1377 per

157 1389 271 1430 hebd.
334 1390 403 1430 Pr
414 1389 706 1429 ivatissime
726 1387 805 1426 ΙΙΙ.
839 1385 1149 1438 Disputationes
1163 1385 1659 1438 geographico-hestoricas
1681 1379 1862 1426 instituet
1879 1386 1981 1426 binis
1999 1386 2087 1426 hor.
2106 1400 2179 1440 per
2197 1386 2315 1427 hebd.

281 1452 590 1494 ADOLPHVS
620 1450 976 1493 FRIDERICVS
1008 1449 1344 1500 STENZLER,
1375 1450 1451 1491 Dr.
1485 1449 1535 1490 P.
1568 1449 1619 1489 P.
1652 1449 1703 1490 Ε.
1736 1449 1834 1490 Des.
1897 1450 2113 1491 Publice
2144 1451 2181 1491 Ι.
2214 1451 2317 1492 Lin-

157 1530 276 1569 guam
306 1517 559 1556 Sanscritam
589 1514 750 1555 docebit
771 1512 875 1554 dieb.
900 1514 1005 1554 Lun.
1028 1520 1070 1554 et
1099 1513 1184 1552 Iov.
1210 1512 1249 1553 h.
1279 1525 1337 1553 1v.
1400 1514 1457 1553 II.
1488 1514 1719 1553 Historiam
1750 1513 1979 1553 litterarum
2011 1515 2315 1555 Sanscritarum

158 1581 358 1620 enarrabit
387 1580 491 1621 dieb.
521 1580 643 1620 Mart.
675 1585 717 1618 et
748 1578 849 1617 Ven.
879 1577 920 1617 h.
953 1591 1010 1617 IV.
1074 1577 1159 1617 III.
1191 1577 1401 1617 Elementa
1433 1578 1593 1630 linguae
1622 1577 1814 1617 Persicae
1846 1577 1980 1618 tradet
2014 1577 2118 1618 dieb.
2145 1579 2252 1619 Lun.
2276 1588 2318 1619 et

159 1643 244 1683 Iov,
277 1643 316 1683 h.
350 1657 387 1683 ν.

284 1706 545 1746 CAROLVS
567 1703 922 1746 FRIDERICVS
943 1702 1292 1752 BELLMANN‚
1325 1703 1400 1744 Dr.
1463 1704 1716 1744 Privatim
1737 1704 1772 1743 I.
1806 1703 2039 1744 Historiam
2059 1705 2317 1745 litteraturae

160 1769 365 1810 Romanae
392 1770 595 1810 enarrabit
618 1767 722 1808 dieb.
746 1767 852 1807 Lun.
875 1766 997 1806 Mart.
1019 1766 1106 1805 Iov.
1129 1773 1170 1806 et
1194 1766 1293 1807 Ven.
1357 1766 1416 1807 II.
1452 1767 1756 1821 „Suppeditatis
1789 1781 1918 1821 nuper
1950 1767 2316 1822 prologis-textum

161 1835 360 1874 Graecum
401 1832 509 1887 quod
550 1833 669 1873 debet
700 1831 946 1884 Aescleyleae
983 1832 1134 1882 septem
1171 1829 1229 1869 ad
1261 1829 1418 1871 Thebas
1454 1831 1641 1872 fabulae“
1676 1831 1861 1871 tractabit
1891 1831 1996 1873 dieb.
2020 1832 2146 1874 Merc.
2168 1840 2208 1872 et
2230 1833 2314 1872 Sat.

161 1897 240 1938 ΙΙΙ.
275 1896 426 1937 Latine
454 1896 643 1950 loquendi
671 1898 712 1935 et
742 1894 948 1935 scribendi
975 1896 1285 1934 exercitationes
1316 1895 1495 1935 instituet
1524 1893 1628 1935 dieb.
1658 1895 1784 1935 Merc.
1816 1902 1857 1935 et
1889 1895 1974 1935 Sat.

285 1960 485 2001 BRVNO
508 1959 922 2008 HILDEBRAND‚
955 1958 1030 1998 Dr.
1096 1958 1282 1998 Gratis
1303 1959 1336 1998 I.
1370 1959 1657 1999 Germanorum
1677 1961 1939 2011 antiquitates
1952 1958 2142 2012 publicas
2162 1959 2221 1999 bis
2244 1974 2316 2013 per

160 2022 277 2064 hebd.
310 2023 478 2064 docebit.
540 2024 790 2064 Privatim
812 2023 870 2062 ΙΙ.
902 2022 1134 2062 Historiam
1164 2022 1291 2062 medii
1317 2024 1409 2062 aevi
1436 2029 1579 2076 quater
1610 2037 1683 2076 per
1714 2021 1830 2063 hebd.
1862 2023 2077 2063 enarrabit.
2141 2023 2317 2063 Priva-

163 2089 256 2127 tiss
267 2089 358 2127 ime
390 2087 472 2127 ΙΙΙ.
511 2087 577 2127 De
609 2087 726 2127 rebus
758 2087 963 2127 historicis
995 2085 1239 2139 disputandi
1267 2088 1573 2126 exercitationes
1606 2085 1803 2126 moderari
1836 2093 1994 2140 perget.

287 2151 578 2192 AVGVSTVS
611 2150 920 2199 KAHLER'P,
953 2150 1027 2191 Dr.
1093 2151 1278 2191 Gratis
1311 2150 1345 2190 I.
1392 2150 1458 2192 De
1490 2150 1681 2191 schiltero
1722 2152 1764 2189 et
1794 2149 1963 2190 Goethae‘o
1994 2149 2162 2190 disseret
2196 2152 2315 2191 semei

164 2228 235 2269 per
256 2213 370 2255 hebd.
435 2215 690 2255 Privatim
731 2215 791 2254 II.
840 2214 1115 2254 Aestketicam
1147 2214 1280 2255 tradet
1311 2220 1373 2254 ter
1404 2228 1477 2268 per
1508 2214 1625 2255 hebd.
1659 2213 1699 2253 h.
1730 2227 1873 2253 comm.

287 2278 547 2319 CAROLVS
570 2278 891 2320 LVDOVICVS
913 2278 1389 2327 KANNEGIESSER,
1434 2278 1508 2319 Dr.
1572 2278 1819 2320 Privatim
1859 2277 2157 2318 Litteraturam
2177 2278 2315 2329 Angli-

165 2356 251 2382 cam
282 2341 474 2396 imprimis
499 2345 701 2395 poeticam
733 2341 936 2382 enarrabit
968 2341 1026 2380 bis
1058 2355 1133 2394 per
1164 2341 1280 2381 hebd.

288 2412 579 2456 ADRIANVS
611 2414 920 2462 KOECHER,
953 2413 1028 2453 Dr.
1091 2413 1353 2453 Privatim
1382 2414 1418 2453 Ι.
1450 2415 1574 2454 Artes
1605 2417 1860 2463 novissimas,
1890 2414 2032 2467 quibus
2063 2418 2319 2466 aequationes

163 2478 387 2518 numericae
424 2477 637 2518 cuiuslibet
666 2476 819 2532 gradus
849 2476 1053 2517 solvuntur
1098 2478 1312 2530 praemisso
1353 2476 1593 2519 theoremate
1629 2478 1836 2519 binomiali
1860 2480 1902 2518 et
1913 2477 2177 2531 polynomiali
2194 2493 2320 2532 expo-

165 2548 235 2581 net
266 2541 324 2581 bis
355 2553 433 2592 per.
457 2540 575 2581 hebd.
641 2542 699 2582 II.
731 2541 1039 2581 Arithmeticam
1070 2542 1112 2579 et
1141 2541 1343 2594 algebram
1374 2540 1532 2583 docebit
1565 2549 1628 2582 ter
1658 2556 1730 2596 per
1761 2540 1877 2581 hebd.

292 2599 551 2644 CAROLVS
583 2605 885 2645 HENRICVS
919 2604 1271 2654 LACHMANN,
1301 2605 1376 2645 Dr.
1441 2606 1626 2645 Gratis
1656 2605 1691 2644 I.
1731 2605 1962 2646 Historiam
1992 2605 2219 2645 Romanam
2249 2607 2322 2644 sub

166 2665 407 2708 Caesaribus
429 2664 585 2707 docebit
608 2668 666 2708 bis
688 2682 761 2721 per
786 2667 904 2708 hebd.
968 2668 1222 2708 Privatim
1242 2668 1301 2708 ΙΙ.
1332 2667 1562 2708 Historiam
1582 2667 1708 2708 medii
1724 2670 1817 2708 aevi
1834 2681 1956 2720 usque
1977 2667 2034 2708 ad
2053 2667 2187 2721 finem
2208 2669 2321 2708 bello-

165 2743 254 2771 rum
283 2730 548 2771 cruciatorum
579 2731 782 2772 enarrabit
823 2736 933 2786 quat.
964 2743 1037 2784 per
1065 2729 1182 2770 hebd.
