2768 3277
1249 143 1621 225 -ss-
2424 147 2444 160 ’

333 313 486 356 autem,
519 318 695 358 quorum
729 319 751 344 e
783 303 878 344 solis
899 302 1236 343 bibliothecarum
1257 302 1460 347 indicibus,
1476 301 1619 342 notitia
1639 300 1808 358 petitur,
1838 292 1913 342 nos
1935 302 2099 355 quidem
2120 317 2228 344 nunc
2250 302 2342 345 illos
2364 315 2524 357 quoque

289 399 302 411 ,
335 369 709 425 praetermittimus,
740 367 774 407 si
802 367 872 419 qui
901 380 925 406 a
955 366 1154 406 veteribus
1178 364 1398 411 editoribus
1418 365 1597 420 usurpati
1622 360 1694 405 nec
1718 364 1911 420 descripti
1932 368 2169 416 accuratius,
2201 381 2248 407 ac
2270 382 2321 407 ne
2343 364 2522 422 singula-

336 433 411 473 tim
433 431 644 472 memorati
667 430 829 483 quidem
851 429 944 469 sint.
997 429 1103 469 Nam
1125 428 1292 479 omnino
1314 435 1420 468 totus
1444 427 1509 468 hic
1533 426 1669 476 locus,⁴
1691 428 1761 479 qui
1776 435 1846 470 est
1867 427 1917 469 de
1939 426 2119 468 fontibus
2142 437 2182 470 et
2204 429 2520 469 successionibus

336 495 567 548 mutuisque
595 493 815 534 rationibus
845 499 886 532 et
918 507 996 532 usu
1025 492 1284 545 antiquarum
1313 491 1493 531 Terentii
1522 491 1760 539 editionum,
1792 499 1905 547 patet
1932 491 2065 532 adhuc
2095 492 2256 533 curioso
2285 492 2443 541 studio,
2473 506 2520 532 ac

338 560 404 598 vix
435 557 676 598 tenuissimis
709 554 949 608 quibusdam
978 555 1045 595 Fr.
1066 555 1180 595 Harii
1210 562 1251 595 et
1276 550 1544 594 Westerhovii
1567 554 1689 593 initiis
1712 554 2066 612 unctaritcoeptus
2090 562 2162 595 est.
2216 555 2278 596 cf.
2302 556 2413 596 Harii
2435 555 2523 595 Ad-

338 620 458 662 dead.
487 635 529 676 p.
558 624 629 663 95.
660 632 749 671 sqq.
777 617 1035 671 eiusdemque
1058 625 1099 658 et
1129 617 1400 658 Westerhovii
1432 616 1570 673 praeff.
1598 623 1639 656 et
1667 616 1769 657 adde
1800 618 1907 657 Nov.
1935 616 2083 658 Annal.
2113 616 2256 674 philol.
2285 625 2325 658 et
2356 617 2520 674 paedag.

336 682 483 739 Suppl.
497 683 565 730 IV,
588 697 630 737 p.
649 686 756 725 325.
778 696 867 733 sqq.
920 680 1000 721 Sed
1023 695 1198 734 quorum
1220 680 1271 720 ab
1295 680 1387 736 ipsis
1411 679 1556 720 criticis
1580 680 1731 720 mentio
1753 679 1813 730 fit,
1845 694 1986 720 eorum
2016 696 2138 733 quam
2159 680 2409 738 paucissimis
2431 695 2523 721 ver-

335 747 396 787 bis
419 738 723 786 hunc'iudicem
746 744 930 800 accipite.
1675 775 1677 777 .

464 810 670 859 Quattuor
706 808 763 848 Io.
791 808 931 848 Rivius
963 808 1005 847 in
1035 807 1369 864 castigationibus
1399 806 1575 862 (1558.)
1607 806 1837 861 usurpavit,
1877 807 2167 848 Bunaviamzm
2187 807 2522 860 antiquissimum,

338 874 757 914 Hassensteinianum
786 871 958 910 membr.
988 872 1191 911 Bononiae
1213 878 1405 925 emptum,
1438 869 1577 910 Huteri
1608 869 1786 908 codicem
1820 883 1842 908 a
1865 871 2048 911 Μηδία-ο
2078 872 2258 920 missum,
2291 876 2340 913 D.
2362 870 2521 910 Nicolai

321 937 656 990 -Fribergensem
700 934 794 974 vid.
816 933 903 976 Riv.
927 933 1055 989 praes.
1076 934 1118 973 in
1140 933 1314 974 editione
1334 934 1525 990 Bergiana
1547 947 1582 973 a.
1612 935 1745 976 1574.
1767 948 1807 988 p·
1831 939 1932 977 196.
1955 948 2045 987 sqq.
2087 933 2188 974 Item
2211 941 2403 986 quattuor
2423 934 2521 974 Mu-

335 1009 423 1041 reto
457 999 633 1053 (1555.)
663 1006 825 1054 praesto
858 996 1021 1038 fuerunt
1050 996 1204 1048 (Schol.
1229 998 1330 1037 Eun.
1351 997 1458 1037 Prol.
1485 1001 1525 1040 5.
1548 997 1596 1045 V,
1621 1002 1661 1045 8,
1686 997 1791 1050 57.),
1824 1011 1928 1037 unus
1957 1013 2054 1039 suus
2084 998 2263 1049 (Phorm.
2286 998 2355 1048 111,
2379 1004 2421 1047 2,
2447 1004 2521 1047 6.),

336 1064 418 1104 duo
447 1062 718 1102 bibliothecae
739 1063 999 1103 Antonianae
1021 1062 1209 1109 Venetae,
1242 1060 1337 1101 olim
1358 1060 1557 1100 Dominici
1579 1060 1768 1100 Germani
1791 1060 2015 1101 Cardinalis
2039 1062 2198 1116 (Heaut.
2222 1060 2292 1110 ΙΙΙ,
2321 1068 2357 1111 1,
2386 1065 2518 1113 101.),

334 1135 502 1179 quartus
535 1126 726 1166 Bernardi
755 1127 991 1166 Lauretum·
1018 1125 1141 1171 (Eun.
1171 1125 1241 1173 IV,
1274 1130 1313 1172 7,
1339 1124 1448 1177 19.):
1490 1138 1582 1163 nam
1613 1138 1732 1174 quem
1754 1131 1960 1177 praeterea
1983 1133 2180 1164 memorat
2203 1126 2409 1173 Venetam,
2440 1125 2520 1163 im-

334 1205 499 1246 pressus
524 1188 600 1229 suit
622 1187 765 1242 (Andr.
788 1188 817 1237 Ι,
842 1192 883 1237 5,
907 1191 983 1236 3.).
1013 1186 1179 1228 Exstitit
1195 1202 1302 1227 nunc
1321 1187 1491 1227 Faernus
1514 1185 1702 1239 (1565.)‚
1720 1200 1744 1226 a
1766 1201 1847 1238 quo
1865 1187 2101 1227 nominatim
2122 1187 2343 1227 afferuntur
2358 1188 2519 1230 Bembi-

333 1268 413 1294 nus
443 1251 510 1291 ille
542 1265 647 1291 nunc
678 1249 946 1291 bibliothecae
972 1250 1198 1299 Vaticanae,
1231 1257 1394 1303 quarto,
1428 1257 1473 1289 ut
1495 1249 1610 1289 nobis
1634 1248 1803 1297 videtur,
1837 1248 1996 1290 saeculo
2020 1249 2163 1291 litteris
2186 1250 2392 1302 quadratis
2416 1251 2519 1291 scri-

336 1324 446 1372 ptus,
468 1316 551 1353 sine
573 1313 656 1353 ulla
679 1313 951 1353 controversia
973 1314 1177 1365 antiquior
1199 1313 1378 1353 Mediceo
1403 1311 1647 1368 Virgiliano:
1683 1313 1911 1353 Vaticanus
1933 1313 2041 1352 haud
2066 1313 2147 1352 sere
2171 1314 2323 1353 minore
2345 1313 2518 1354 celebri-

337 1388 417 1419 tate
450 1389 621 1433 propter
649 1378 831 1433 appictas
862 1375 1028 1433 singulis
1058 1377 1186 1416 scenis
1217 1392 1477 1432 personarum
1510 1376 1696 1431 imagines
1727 1378 1960 1429 (utrumque
1983 1377 2090 1416 enim
2113 1376 2297 1416 confudit
2318 1377 2518 1417 Bernhar-

268 1444 277 1453 '
336 1442 436 1499 dyas
467 1442 568 1482 Hist.
603 1439 682 1483 litt.
713 1442 904 1496 Romsp.
933 1444 1072 1490 196.):
1116 1447 1324 1495 praeterea
1351 1440 1631 1490 Basilicanus,
1666 1440 1940 1490 Victorianus,
1973 1441 2237 1484 Decurtatus.
2278 1441 2516 1493 Quanquam

334 1520 418 1546 non
450 1505 638 1560 exiguum
667 1504 824 1545 videtur
845 1505 965 1545 etiam
994 1503 1167 1544 aliorum
1191 1518 1399 1543 numerum
1422 1503 1618 1553 habuisse,
1652 1502 1729 1543 illis
1752 1502 1957 1556 aliquanto
1981 1503 2229 1544 inferiorum.
2281 1505 2373 1544 Post
2395 1505 2518 1546 Faer-

334 1584 433 1608 num
457 1569 615 1607 codices
638 1568 718 1606 suis
742 1568 783 1606 in
805 1568 1043 1607 Terentium
1065 1568 1402 1621 Castigationibus
1426 1570 1496 1607 Ge.
1521 1567 1722 1606 Fabricius
1745 1571 1921 1617 (1574.)
1945 1567 2140 1614 adhibuit,
2163 1569 2397 1608 Palatinum
2418 1568 2456 1606 h.
2482 1583 2515 1606 e.

335 1632 591 1679 Vaticanum,
625 1639 665 1670 et
693 1638 966 1685 pervetustum
1001 1631 1295 1672 Werterianum
1325 1630 1417 1684 (Ed.
1441 1632 1553 1685 Berg.
1576 1645 1615 1685 p.
1643 1635 1681 1672 8.
1706 1635 1812 1682 sqq.)
1846 1631 1944 1670 Item
1978 1632 2127 1670 Romae
2160 1630 2333 1685 inspexit
2355 1630 2516 1670 Bembi-

336 1709 448 1742 num,
479 1709 527 1733 ex
558 1707 687 1744 eoque
720 1707 847 1747 pauca
868 1692 1082 1749 adscripsit
1105 1694 1301 1747 impresso
1324 1692 1518 1747 exemplo,
1550 1706 1631 1743 quo
1655 1692 1797 1732 deiude
1819 1693 1849 1732 F
1852 1707 1960 1733 ranc.
1983 1692 2187 1733 Fabricius
2209 1694 2251 1732 in
2274 1693 2515 1733 Annotatio-

335 1757 455 1795 nibus
487 1770 582 1794 usus
613 1763 673 1794 est
704 1763 863 1810 praeter
889 1754 990 1795 alios
1019 1764 1100 1796 tres
1130 1754 1255 1794 libros
1289 1755 1356 1795 sed
1387 1771 1436 1794 ne
1467 1770 1533 1794 eos
1565 1755 1726 1806 quidem
1758 1756 1931 1811 scriptos
1964 1756 2057 1805 (Ed.
2091 1757 2204 1812 Berg.
2233 1770 2273 1812 p.
2298 1759 2421 1806 381.)
2454 1756 2515 1795 Ex

335 1820 478 1860 eodem
500 1818 571 1859 illo
596 1821 645 1859 G.
668 1819 838 1859 Fabricii
869 1819 1052 1874 exemplo
1077 1828 1218 1874 postea
1248 1820 1438 1869 quaedam
1463 1827 1650 1872 excerpta
1671 1827 1763 1859 sunt
1786 1820 1828 1858 in
1851 1818 2030 1859 Walchii
2054 1822 2142 1859 Act.
2163 1822 2255 1859 Soc.
2275 1818 2344 1859 lat.
2367 1820 2447 1859 Ien.
2465 1819 2515 1868 11,

335 1897 378 1939 p.
400 1888 500 1926 186.
531 1895 618 1935 sqq.
672 1881 825 1922 Deinde
856 1896 948 1922 cum
977 1897 1023 1923 ex
1051 1883 1149 1924 aliis
1179 1889 1264 1923 tum
1296 1898 1317 1923 e
1347 1883 1478 1936 Regio
1507 1881 1644 1923 codice
1672 1881 1850 1922 Parisino
1881 1881 1949 1936 (de
1981 1896 2062 1935 quo
2085 1881 2138 1923 cf.
2161 1880 2285 1937 praef.
2307 1896 2349 1937 p.
2372 1881 2514 1923 XXV.

334 1948 482 1993 West„
522 1953 561 1984 et
583 1947 704 1999 Leng-
727 1960 770 1999 p.
796 1945 919 1998 475.)
951 1947 1282 1998 Pithoeorumqne
1305 1945 1588 1999 notationibus,
1620 1958 1722 1996 quae
1744 1945 1880 1983 deberi
1902 1945 2108 1985 codicibus
2132 1944 2317 1984 videntur
2337 1944 2515 1984 duabus-

335 2024 413 2061 que
436 2008 678 2048 editionibus
700 2008 928 2062 adscriptae
952 2009 1126 2058 suerunt,
1166 2009 1509 2050 Lindenbruchius
1542 2009 1715 2062 (1602.)
1745 2008 1933 2064 profecit,
1966 2024 2195 2060 quanquam
2224 2008 2315 2062 plus
2344 2008 2514 2063 profecit

336 2071 388 2112 ad
419 2073 621 2112 Donatum
652 2085 772 2124 quam
803 2071 854 2112 ad
876 2072 1112 2113 Terentium
1140 2072 1445 2121 emendandum,
1478 2071 1657 2112 omnium
1687 2079 1820 2113 autem
1851 2072 2013 2112 minime
2036 2072 2103 2122 ita,
2136 2079 2182 2112 ut
2203 2071 2327 2127 ipsius
2349 2071 2513 2113 Parisini

335 2135 431 2174 libri
454 2134 575 2174 fidem
597 2137 927 2189 repraesentarit:
960 2150 1060 2188 quae
1084 2137 1183 2175 mira
1207 2136 1283 2175 fuit
1306 2136 1448 2176 Ritteri
1473 2135 1610 2190 opinio
1633 2134 1761 2190 praes.
1783 2135 1824 2174 iu
1847 2136 2054 2176 Andriam.
2097 2136 2265 2175 Secutus
2288 2141 2347 2175 est
2367 2136 2513 2175 Pau-eus

334 2198 512 2251 (1619.)
547 2197 704 2238 collatis
735 2208 926 2250 quattuor
956 2201 1143 2252 antiquis,
1176 2209 1222 2240 ut
1253 2200 1321 2248 ait,
1352 2199 1591 2239 membranis
1616 2201 1824 2241 Palatinis
1846 2199 1888 2239 h.
1910 2215 1942 2239 e.
1968 2198 2388 2254 Heidelbergensibus:
2420 2200 2514 2251 qui-

334 2263 411 2302 bus
434 2278 454 2302 e
476 2264 670 2304 Parisino
700 2260 805 2302 libro
833 2277 906 2301 ms.
933 2271 1093 2318 sumpta
1114 2263 1340 2303 testimonia
1362 2262 1569 2302 accedunt.
1623 2263 1767 2303 Trium
1789 2262 1989 2303 librorum
2011 2277 2118 2312 mss.,
2150 2262 2254 2302 inter
2275 2276 2374 2314 quos
2398 2263 2513 2302 unius

335 2328 694 2380 Argentoratensis
715 2325 943 2373 academici,
974 2327 1190 2382 scripturas
1210 2325 1415 2366 Boeclerus
1437 2326 1611 2380 (1657.)
1635 2333 1843 2376 memorat,
1874 2326 2125 2378 duorumque
2153 2325 2515 2367 Mediolanensium

336 2391 378 2430 in
393 2389 688 2430 commentariis
707 2389 756 2428 ab
774 2389 915 2429 eodem
934 2389 1121 2430 Boeclero
1143 2390 1259 2430 editis
1277 2390 1455 2430 acerrimi
1475 2391 1532 2429 vir
1555 2390 1687 2430 iudicii
1708 2391 1772 2430 Fr.
1789 2392 1992 2447 Guyetus:
2013 2404 2111 2442 quas
2134 2389 2248 2430 nobis
2259 2390 2390 2446 copias
2404 2388 2514 2431 dole-

334 2468 424 2493 mus
441 2452 610 2493 aliorum
629 2460 785 2493 tantum
802 2452 879 2492 fide
896 2454 1089 2508 cognitus.
1131 2453 1390 2509 Auglicorum
1413 2453 1597 2493 codicum
1617 2453 1835 2493 multitudo
1859 2454 1899 2493 in
1914 2460 2109 2508 promptu
2131 2452 2207 2493 fuit
2225 2453 2372 2509 Lengio
2391 2454 2515 2493 Prae—

337 2515 414 2557 suli
443 2516 695 2564 Norvicensi,
728 2532 748 2556 e
778 2517 924 2568 quibus
958 2516 1025 2557 ille
1049 2518 1248 2572 ingentem
1272 2516 1530 2572 discrepantis
1554 2517 1776 2572 scripturae
1800 2515 2092 2572 supellectilem
2114 2524 2342 2572 congestam
2363 2515 2515 2557 biblio-

335 2580 474 2619 thecae
513 2581 560 2618 D.
589 2579 829 2619 Catharinae
859 2579 1025 2635 legavit,
1060 2581 1163 2619 uude
1188 2587 1327 2636 postea
1357 2580 1544 2619 utendam
1567 2581 1712 2622 Harius
1736 2583 1912 2633 (1724.)
1936 2580 2111 2635 accepit:
2145 2579 2256 2618 cuius
2278 2579 2366 2619 vide
2387 2579 2517 2636 praef.

335 2659 374 2696 p.
391 2643 555 2682 XXIV.
587 2643 763 2681 Fuerunt
790 2651 924 2682 autem
950 2642 1009 2681 illi
1034 2644 1204 2691 codices,
1237 2659 1259 2681 e
1285 2657 1455 2693 quorum
1479 2644 1690 2682 uberrimis
1721 2644 1848 2698 copiis
1872 2644 1913 2681 in
1937 2644 2020 2698 ipsa
2044 2642 2216 2680 editione
2239 2643 2519 2698 Cantabrigiae

334 2704 494 2762 vulgata
525 2721 562 2745 a.
591 2711 723 2748 1701.
755 2721 881 2761 pauca
906 2714 1061 2747 tantum
1084 2706 1255 2761 Lengius
1281 2706 1491 2761 proposuit
1521 2722 1561 2762 p.
1589 2711 1695 2751 475.
1717 2722 1817 2758 sqq„
1850 2706 1951 2746 nihil
1974 2720 2139 2760 prorsus
2161 2706 2409 2761 exprompsit
2430 2707 2516 2747 Ha·

335 2770 430 2818 rius,
463 2768 505 2808 hi
526 2782 630 2821 quos
653 2768 756 2807 infra
778 2768 999 2824 posuimus.
1052 2769 1408 2823 Cantabrigienses
1430 2776 1522 2818 tres,
1544 2769 1702 2825 collegii
1724 2770 1915 2823 Corporis
1937 2770 2108 2819 Christi,
2138 2767 2295 2825 collegii
2320 2770 2365 2810 D.
2387 2770 2517 2821 Petri,

337 2840 378 2872 et
410 2833 693 2881 academ'cuc,
725 2833 884 2886 ,Regina
911 2831 1179 2873 bibliothecae
1209 2835 1257 2873 D.
1282 2833 1432 2883 Iacobi,
1463 2833 1574 2872 cuius
1597 2833 1760 2886 quidem
1782 2832 2020 2889 excerpendi
2044 2831 2199 2871 veniam
2220 2846 2241 2871 a
2265 2833 2315 2872 R.
2337 2832 2517 2874 Bentleio
