2768 3277
1393 119 1497 176 14-

337 287 404 328 De
440 290 622 341 ingenio,
662 286 856 335 moribus,
887 288 974 325 vita
1004 287 1248 338 scriptisque
1271 287 1442 337 patrum
1473 288 1513 325 et
1543 286 1848 338 apostolicorum
1878 289 1920 326 et
1950 288 2314 330 ecclesiasticorum
2344 288 2515 331 disseret

339 360 404 392 ter
426 365 499 406 per
521 350 639 391 hebd.
664 350 703 389 h.
725 360 777 390 11.
825 349 1166 402 ⁴'1st'Historiae
1186 349 1493 402 ecclesiasticae·
1512 352 1674 401 partem
1698 353 1874 403 primam
1905 353 2111 393 enarrabit
2141 353 2352 407 quinquies
2383 353 2421 391 h.
2454 365 2514 392 ιν.

468 412 760 455 AVGVSTVS
795 411 989 461 HAHN,
1023 412 1098 453 Dr.
1135 410 1184 451 P.
1220 411 1270 452 P.
1302 410 1354 452 Ο.
1425 411 1639 454 Publice
1670 413 1706 454 I.
1770 412 1819 454 In
1853 412 2066 455 seminario
2099 414 2327 469 theologico
2359 417 2513 456 exerci-

340 480 514 518 tationes
545 474 1023 528 hestorico-dogmaticas
1057 473 1333 515 moderabitur
1366 475 1405 515 d.
1428 476 1515 516 Sat.
1538 476 1578 516 h.
1602 488 1662 516 ιιι.
1725 476 1785 516 II.
1818 476 1872 516 Ιιῖ
1900 476 2112 517 seminario
2144 478 2366 519 homiletaeco
2400 492 2513 520 exer-

342 540 602 581 citationibus
624 539 801 593 praeerit
823 538 861 578 d.
903 539 1031 578 Merc.
1066 537 1103 577 h.
1139 551 1199 577 x1.
1264 537 1523 578 Privatim
1556 540 1638 579 111.
1673 539 1913 593 Theologiae
1928 542 2142 593 practicae
2158 545 2320 594 partem
2338 545 2515 595 priorem

341 605 378 645 h.
404 619 442 645 e.
464 603 730 644 homileticum
749 604 792 642 et
822 601 1112 642 catecheticam
1142 601 1348 656 quaternis
1380 602 1484 643 dieb.
1507 602 1547 643 h.
1571 614 1630 642 ιιι.
1653 600 1800 643 tradet.
1865 602 1939 644 lv.
1975 603 2229 658 Theologiam
2249 604 2516 658 dogmaticam

342 674 518 722 exponet
550 667 683 721 quinis
715 666 822 705 dieb.
855 665 895 705 h.
931 678 1012 706 x11.
1078 666 1129 706 V.
1171 666 1386 706 Historiae
1427 666 1725 706 ecclesiasticae
1755 668 1921 719 partem
1952 669 2123 709 alteram
2152 668 2203 710 ad
2235 668 2356 710 finem
2390 682 2517 723 usque

340 730 543 772 enarrabit
575 730 680 771 senis
713 728 819 770 dieb.
853 729 893 770 h.
927 743 999 770 111.
2251 753 2287 757 >a

466 793 770 834 HENRICVS
802 793 1256 841 MIDDELDORPF‚
1287 792 1363 833 Dr.
1397 792 1447 833 P.
1481 792 1531 832 P.
1564 792 1613 832 0.
1678 791 1889 834 Publice
1911 793 1946 833 Ι.
1980 794 2031 834 In
2053 795 2266 835 seminario
2288 794 2517 851 theologico

344 860 657 898 exercitationes
689 860 1097 911 exegetico-criticas
1129 858 1179 896 de
1213 858 1254 897 V
1251 860 1300 896 et.
1336 857 1446 897 Test.
1479 856 1678 896 moderari
1711 865 1856 911 perget
1887 857 1928 897 d.
1960 859 2108 910 Sat.3h.
2132 873 2174 898 x.
2238 859 2298 898 ΙΙ.
2330 859 2518 912 Evange-

341 922 438 963 lium
460 922 628 963 Ioannis
650 921 984 976 interpretabitur
1005 920 1045 962 d.
1068 921 1152 962 Sat.
1176 919 1215 960 h.
1242 933 1300 960 X1.
1322 928 1364 961 et
1388 933 1468 961 x11.
1520 920 1776 962 Privatim
1797 921 1881 962 Ill.
1915 920 2051 963 Iobum
2072 921 2286 976 explicabit
2307 922 2518 976 quinquies

342 999 415 1039 per
432 985 551 1024 hebd.
568 985 607 1023 h.
624 999 663 1023 x.
696 985 772 1023 IV.
796 984 1133 1026 Introductionem
1148 984 1555 1023 historico-criticam
1576 986 1619 1022 in
1643 984 1682 1024 V
1680 987 1732 1023 et.
1757 985 1867 1025 Test.
1890 985 2010 1025 libros
2028 991 2225 1040 proponet
2240 985 2378 1040 quinq.
2396 985 2436 1025 h.
2454 997 2516 1025 ΧΙ.

470 1048 768 1088 GEORGIVS
791 1048 1091 1089 HENRICVS
1114 1047 1471 1095 BERNSTEIN,
1493 1049 1566 1087 Dr.
1584 1047 1734 1087 Philon.
1752 1049 1803 1087 P.
1823 1049 1873 1087 P.
1888 1050 1939 1088 Ο.
1987 1048 2203 1089 Publice*
2217 1049 2517 1101 Geographiam

342 1111 607 1153 Palaestinae
638 1110 772 1152 tradet
805 1109 944 1151 diebus
976 1108 1083 1150 Lun.
1118 1115 1160 1151 et
1190 1109 1316 1151 Merc.
1351 1108 1390 1150 h.
1425 1123 1488 1150 111.

473 1174 765 1214 AVGVSTVS
799 1173 1066 1222 KNOBEL,
1100 1172 1252 1212 Philus.
1287 1173 1361 1213 Dr.
1395 1172 1592 1226 Theolog.
1626 1173 1713 1213 Lic.
1748 1173 1800 1213 P.
1834 1172 1884 1212 P.
1918 1172 1969 1213 E.
2032 1172 2244 1214 Publice
2276 1173 2312 1214 Ι.
2344 1174 2517 1215 Exerci-

345 1241 520 1278 tationes
551 1237 822 1277 catecheticas
856 1235 1057 1275 moderari
1091 1244 1237 1290 perget
1270 1236 1308 1275 d.
1343 1236 1468 1276 Mero.
1499 1236 1535 1275 h.
1565 1250 1617 1275 11.
1682 1238 1741 1277 11.
1777 1237 2031 1289 Theologiam
2053 1238 2245 1277 ecclesiae
2265 1241 2519 1292 evangelicae

344 1301 596 1356 symbolicam
629 1299 764 1342 tradet
797 1299 902 1341 dieb.
937 1299 1063 1341 Mero.
1097 1306 1138 1342 et
1170 1300 1254 1341 Sat.
1288 1299 1327 1340 h.
1362 1311 1422 1341 x1.
1486 1300 1742 1342 Privatim
1774 1301 1857 1342 III.
1890 1300 2079 1342 Genesim
2111 1303 2151 1342 et
2180 1301 2329 1343 selecta
2349 1302 2518 1357 reliquo-

343 1379 431 1406 rum
451 1365 724 1406 Pentateuchi
741 1365 931 1404 librorum
952 1367 1093 1417 capita
1115 1365 1447 1418 interpretabitur
1469 1365 1598 1404 sexies
1620 1366 1657 1404 h.
1680 1379 1722 1405 x.
1772 1365 1846 1405 IV.
1868 1365 2192 1420 Paedagogicam
2212 1368 2253 1405 et
2273 1365 2519 1408 didacticam

344 1444 433 1471 cum
464 1429 712 1469 catechetica
745 1428 881 1468 tradet
912 1428 1124 1482 quinquies
1157 1427 1262 1468 dieb.
1295 1427 1402 1467 Lun.
1435 1427 1555 1467 Mart.
1596 1430 1679 1468 lov.
1717 1430 1816 1469 Ven.
1850 1430 1891 1469 h.
1923 1443 1974 1469 11.
2006 1437 2049 1470 et
2080 1430 2120 1470 d.
2152 1430 2237 1470 Sat.
2271 1430 2309 1469 h.
2343 1444 2419 1471 xu.

472 1493 736 1535 CAROLVS
769 1491 1081 1533 ADOLPHVS
1113 1491 1380 1540 SVCKOW,
1420 1490 1563 1532 Theoi.
1597 1492 1683 1532 Lic.
1717 1492 1766 1533 P.
1801 1492 1852 1532 P.
1885 1493 1937 1533 E.
1969 1492 2053 1533 des.
2123 1492 2336 1533 Publice
2367 1494 2403 1534 Ι.
2469 1494 2519 1533 In

345 1556 558 1598 seminario
590 1555 818 1596 homiletico
850 1556 1161 1595 exercitationes
1193 1553 1441 1594 homileticas
1472 1557 1513 1594 et
1543 1554 1812 1596 catecheticas
1833 1554 2032 1596 moderari
2054 1562 2199 1611 perget
2220 1555 2260 1597 d.
2282 1556 2369 1597 Iov.
2398 1556 2438 1598 h.
2461 1569 2520 1598 ιν.

345 1621 604 1661 Privatim
637 1620 697 1659 ΙΙ.
763 1619 1134 1671 Encyclopaediam
1165 1621 1207 1657 et
1238 1618 1564 1670 methodologiam
1595 1619 1729 1658 studii
1756 1616 2129 1671 theologt'ci'tradet
2150 1627 2260 1673 quat.
2283 1619 2388 1659 dieb.
2412 1621 2519 1661 Lun.

344 1684 471 1725 Mart.
504 1684 632 1724 Mero.
666 1690 708 1723 et
730 1683 816 1723 Iov.
851 1683 888 1722 h.
920 1697 983 1723 111.
1049 1684 1131 1723 III.
1164 1682 1359 1723 Ethicam
1381 1682 1646 1722 christianam
1668 1683 1827 1723 docebit
1851 1682 1955 1723 dieb.
1978 1683 2085 1722 Lun.
2106 1683 2228 1722 Mart.
2251 1683 2376 1723 Merc.
2399 1684 2437 1723 h.
2461 1696 2520 1723 ιν.

474 1744 841 1787 HERMANNVS
872 1745 1083 1796 HESSE,
1116 1743 1271 1786 Philos.
1304 1744 1380 1785 Dr.
1416 1744 1556 1786 Theoi.
1591 1744 1677 1786 Lic.
1743 1745 1929 1787 Gratis
1960 1745 1995 1785 I.
2028 1744 2198 1787 Librum
2229 1745 2428 1788 Koheleth
2460 1747 2520 1788 in-

349 1811 642 1863 terpretabitur
674 1810 733 1847 bis
767 1823 839 1861 per
871 1809 988 1848 hebd.
1023 1809 1061 1847 h.
1096 1822 1154 1847 lv.
1219 1811 1474 1848 Privatim
1506 1810 1562 1847 II.
1627 1810 1764 1849 Vitam
1803 1811 1897 1849 Iesu
1929 1810 2090 1848 Christi
2118 1810 2320 1848 enarrabit
2350 1817 2413 1849 ter
2450 1824 2521 1863 per

345 1872 465 1915 hebd.
500 1872 538 1913 h.
571 1885 631 1912 IV.

472 1934 665 1976 IVLIVS
697 1933 1022 1984 RAEBIGER,
1063 1933 1213 1975 Philos.
1248 1934 1323 1975 Dr.
1357 1933 1496 1973 Theoi.
1530 1934 1617 1975 Lic.
1683 1935 1870 1975 Gratis
1892 1935 1927 1975 I.
1960 1935 2244 1988 Apocalypsim
2266 1935 2432 1975 Ioannis
2461 1936 2521 1975 in-

265 2032 276 2043 .
348 2000 636 2054 terpretabitur
676 1999 738 2037 bis
778 2012 852 2052 per
882 1998 999 2038 hebd.
1034 1998 1074 2037 h.
1108 2012 1178 2037 111.
1245 1999 1500 2038 Privatim
1533 1999 1592 2038 II.
1626 1999 1879 2051 Religionem
1913 1999 2001 2039 Vet.
2035 2002 2075 2038 et
2107 1999 2217 2039 Novi
2246 2000 2371 2048 Test„
2404 2013 2522 2054 quam

349 2070 490 2103 vocant
530 2063 768 2116 theologiam
799 2061 1009 2112 biblicam,
1057 2061 1191 2101 tradet
1223 2069 1366 2116 quater
1400 2075 1471 2114 per
1503 2061 1620 2102 hebd.
1654 2062 1693 2102 h.
1726 2075 1780 2104 Π.

474 2126 777 2165 HENRICVS
810 2126 1041 2174 RHODE,
1076 2125 1228 2164 Philus.
1261 2126 1336 2165 Dr.
1370 2123 1511 2164 Theol.
1545 2125 1633 2164 Lic.
1698 2126 1886 2166 Gratis
1918 2126 1952 2165 Ι.
1995 2126 2209 2179 Syntaxim
2245 2126 2406 2179 linguae
2436 2124 2522 2165 He-

348 2190 513 2230 braicae
545 2197 720 2241 exponet
752 2188 791 2228 d.
826 2189 953 2229 Merc.
985 2189 1023 2228 h.
1057 2202 1108 2228 11.
1174 2189 1432 2228 Privatim
1452 2189 1508 2227 II.
1541 2190 1820 2241 Antiquitates
1842 2191 2033 2230 ecclesiae
2054 2191 2305 2229 christianae
2326 2189 2524 2229 describet

348 2260 412 2295 ter
444 2267 518 2308 per
549 2251 667 2293 hebd.
702 2251 739 2291 h.
774 2264 833 2291 XI.
907 2252 988 2292 III.
1035 2252 1265 2292 Historiam
1297 2252 1521 2304 dogmatum
1552 2252 1863 2294 christianorum
1895 2254 2098 2295 enarrabit
2129 2253 2340 2307 quinquies
2371 2253 2409 2292 h.
2444 2264 2523 2292 xll.

916 2502 1126 2556 olum
1179 2503 1974 2558 IVREGONSVLTORVM.

479 2754 800 2796 PHILIPPVS
842 2754 1150 2795 EDVARDVS
1192 2755 1497 2805 HVSCHKE,
1544 2755 1619 2796 Dr.
1661 2755 1712 2796 P.
1755 2756 1804 2797 P.
1845 2757 1896 2798 Ο.
1938 2756 1977 2796 h.
2019 2763 2050 2797 t.
2082 2756 2183 2797 Dec.
2247 2753 2459 2796 Publice
2490 2755 2525 2795 I.

352 2819 546 2862 Ordinem
586 2819 826 2861 iudiciorum
859 2822 1135 2872 privatorum,
1181 2822 1254 2873 qui
1278 2818 1374 2871 suit
1412 2819 1523 2872 apud
1561 2820 1788 2873 Romanos,
1835 2827 2012 2876 exponet
2043 2820 2083 2862 d.
2117 2820 2204 2862 Iov.
2236 2818 2275 2859 h.
2310 2832 2373 2860 ιχ.
2405 2825 2447 2860 et
2485 2833 2524 2858 x.
