2768 3277
473 307 685 349 TRAVG.
717 303 995 348 GVILELM.
1027 303 1323 346 ovs'l'Avvs
1354 304 1681 357 BENEDIG'P,
1727 304 1802 348 Dr.
1836 304 1888 346 P.
1922 304 1974 347 Ρ.
2005 306 2058 348 0.
2121 307 2339 352 Publice
2365 310 2401 353 1.
2432 309 2518 353 Dm

344 376 520 413 ctrinam
541 372 591 412 de
599 369 759 423 fasciis
779 372 821 409 et
840 370 1117 409 instrumentis
1138 368 1416 423 chirurgos-um
1437 369 1489 410 ad
1513 368 1657 411 librum
1680 383 1797 410 suum
1820 369 1982 424 Lipsiae
2003 384 2040 410 a.
2057 375 2190 415 1827.
2212 372 2366 416 editum
2387 374 2518 430 expli-

345 439 452 479 cabit
484 435 691 491 quaternis
720 433 826 474 dieb.
859 432 898 473 h.
934 445 1011 474 vn.
1046 440 1141 474 mat.
1204 433 1263 473 II.
1294 433 1506 474 Examina
1537 434 1588 474 de
1617 434 1790 487 singndis
1821 433 2055 487 chirurgiae
2085 437 2289 489 capitibus
2309 440 2519 480 continua-

346 500 405 541 bit
437 499 538 540 binis
569 497 675 539 dieb.
709 497 796 538 hor.
828 495 908 537 det.
974 497 1233 538 Privatim
1264 497 1347 537 111.
1380 496 1643 551 clairmgeum
1672 497 1898 552 generalem
1927 500 1968 538 et
1998 497 2226 540 doctrinm·
2245 500 2298 542 de
2317 500 2519 557 cluit-mgi-

346 566 407 604 cis
434 561 734 616 operationibus
760 560 840 600 huc
861 561 1184 613 pertineamus,
1216 573 1267 600 ac
1290 564 1466 614 privatam
1480 564 1645 614 partem
1663 561 1899 615 chirurgiae
1918 562 2111 615 specialis
2133 563 2267 605 tradet
2287 565 2393 606 senis
2414 565 2519 608 dieb.

344 626 383 667 h.
418 639 498 667 xn.
562 626 635 666 lv.
672 623 1070 678 Opktltalmiatricen
1092 624 1253 664 docebit
1277 624 1481 678 quaternis
1512 624 1616 664 dieb.
1643 624 1730 664 hor.
1756 624 1837 665 det.
1902 626 1953 665 V.
1984 626 2167 667 Glinicen
2187 627 2406 668 morborum
2435 629 2519 669 clri-

344 694 597 744 rurgicorum
628 692 670 728 et
701 687 923 728 morborum
953 689 1063 728 oculi
1089 688 1260 727 humani
1286 688 1483 728 moderari
1517 694 1662 742 perget
1694 688 1875 741 quotidie
1906 687 1945 726 h.
1980 701 2079 729 vrn.
2112 698 2154 730 et
2183 676 2250 731 ⁸1x.

467 752 660 794 IVLIVS
699 751 1039 794 GVILELMVS
1082 750 1457 802 BETSCHLER,
1504 751 1578 792 Dr.
1621 751 1673 792 P.
1706 750 1756 792 P.
1797 752 1847 792 Ο.
1911 752 2125 794 Publice
2155 755 2191 794 I.
2255 755 2520 808 Operationes

343 817 599 858 obstetricias
631 816 792 857 docebit
825 816 884 856 bis
918 829 991 870 per
1024 814 1144 856 hebd.
1175 815 1214 854 h.
1249 827 1285 853 v.
1349 815 1410 855 II.
1442 815 1758 868 Explorationes
1785 815 2040 855 obstetricias
2071 816 2346 859 moderabitur
2368 818 2427 859 bis
2447 832 2521 873 per

343 881 462 922 hebd.
485 881 524 921 h.
548 880 627 920 des.
691 881 955 920 Privatim
976 879 1060 920 ΙΙΙ.
1092 881 1233 918 Artem
1253 878 1523 919 obstetricium
1545 879 1703 920 docebit
1724 887 1869 933 quater
1890 894 1963 933 per
1985 880 2101 920 hebd.
2124 881 2164 920 h.
2186 895 2223 920 v.
2288 882 2360 922 IV.
2393 882 2520 922 Clini-

345 958 433 985 cum
464 944 814 998 gynaecologicum
848 942 1120 984 moderabitur
1151 941 1330 996 quotidie
1364 942 1403 983 h.
1437 956 1515 983 x11.
2018 935 2021 938 ’

470 1009 600 1049 AVG.
639 1006 920 1049 GVILELM.
960 1004 1213 1046 EDVARD.
1256 1005 1476 1047 ΤΗΕΟΒ.
1509 1005 1855 1056 HENSCHEL,
1887 1005 1962 1046 Dr.
1987 1005 2038 1045 P.
2065 1005 2111 1046 P.
2134 1006 2186 1047 Ο.
2249 1006 2461 1048 Publice
2482 1008 2519 1049 Ι.

342 1075 570 1111 Anatomen
586 1072 824 1124 plantarum
847 1069 1133 1108 demonstrabit
1156 1068 1195 1107 d.
1220 1069 1346 1109 Merc.
1370 1070 1407 1108 h.
1431 1082 1483 1109 11.
1546 1071 1804 1110 Privatim
1826 1070 1887 1109 ΙΙ.
1920 1071 2158 1109 Semioticen
2187 1070 2346 1111 docebit
2376 1078 2520 1125 quater

344 1150 418 1189 per
450 1135 569 1177 hebd.
604 1135 642 1176 h.
677 1148 729 1176 11.
793 1133 875 1173 III.
909 1133 1142 1173 Historiam
1173 1135 1240 1172 rei
1266 1133 1444 1174 medicae
1477 1133 1609 1175 tradet
1640 1142 1784 1187 quater
1818 1148 1889 1188 per
1922 1132 2038 1173 hebd.
2072 1133 2111 1174 h.
2144 1146 2216 1174 111.

470 1198 725 1239 IOANNES
758 1196 1168 1251 EVANGELISTA
1205 1196 1522 1244 PVRKINIE,
1555 1197 1628 1238 Dr.
1664 1197 1714 1238 P.
1751 1197 1801 1237 Ρ.
1834 1197 1886 1237 Ο.
1949 1195 2163 1237 Publice
2194 1197 2230 1237 I.
2264 1198 2423 1239 Selecta
2451 1212 2519 1241 ca·

337 1265 433 1315 pita
458 1260 738 1315 physiologiae
771 1267 948 1314 exponet
981 1260 1020 1299 d.
1057 1261 1164 1300 Lun.
1198 1260 1235 1299 h.
1269 1274 1328 1300 1v.
1393 1261 1453 1300 II.
1486 1260 1636 1313 Capita
1668 1276 1720 1301 ea:
1743 1261 2001 1314 physiologia
2022 1264 2064 1300 et
2077 1261 2317 1315 pathologia
2337 1264 2523 1316 generali

342 1326 490 1367 selecta
513 1325 735 1380 repetendo
772 1324 961 1365 tractabit
997 1323 1036 1365 d.
1074 1324 1200 1365 Merc.
1235 1323 1274 1365 h.
1299 1337 1359 1365 lv.
1423 1325 1679 1366 Privatim
1698 1325 1782 1366 111.
1814 1325 2094 1379 Patkohgiam
2114 1326 2339 1379 generalem
2359 1326 2519 1368 docebit

345 1390 452 1430 dieb.
487 1390 596 1430 Lun.
628 1390 755 1441 Mero.
789 1395 831 1428 et
862 1388 965 1427 Ven.
999 1388 1038 1427 h.
1071 1400 1130 1427 1v.

468 1452 748 1494 GVILELM.
786 1450 1056 1499 HERMAN.
1096 1451 1313 1492 GEORG.
1357 1450 1588 1501 REMER,
1635 1452 1709 1492 Dr.
1749 1451 1795 1492 P.
1829 1452 1881 1492 P.
1913 1452 1966 1491 Ο.
2029 1450 2239 1492 Publice
2277 1452 2314 1493 I.
2377 1455 2519 1493 Artem

331 1514 539 1567 formulas
559 1515 738 1557 medicas
759 1514 1033 1555 concirmandi
1057 1514 1216 1555 docebit
1249 1514 1355 1555 dieb.
1388 1514 1513 1555 Merc.
1546 1522 1587 1555 et
1618 1516 1702 1555 Sat.
1736 1516 1774 1555 h.
1807 1528 1839 1555 1.
1903 1516 2157 1555 Privatim
2179 1515 2238 1555 ΙΙ.
2271 1515 2520 1568 Therapiam

342 1583 636 1634 apyrexiarum
657 1580 961 1633 dynanu'carum
983 1577 1142 1618 docebit
1164 1578 1370 1633 quaternis
1392 1576 1494 1617 dieb.
1518 1577 1557 1617 h.
1580 1591 1611 1617 1.
1678 1579 1758 1618 III.
1780 1577 2033 1619 Medicinam
2045 1576 2254 1630 sorensem
2271 1578 2375 1620 duce
2389 1579 2519 1620 Metz·

345 1658 448 1697 gero
470 1644 631 1686 docebit
653 1644 758 1685 senis
779 1643 884 1684 dieb.
909 1643 946 1682 h.
971 1655 1024 1682 11.
1087 1642 1159 1683 IV.
1193 1642 1524 1682 Exercitationes
1544 1642 1895 1682 mede‘co-climbas
1918 1642 2193 1683 moderabitur
2213 1642 2392 1695 quotidie
2413 1643 2453 1683 h.
2477 1658 2517 1683 x.

470 1707 731 1748 IOANNES
763 1705 1005 1755 WENDT‚
1038 1704 1115 1745 Dr.
1147 1704 1199 1746 P.
1237 1704 1288 1745 P.
1311 1704 1362 1745 Ο.
1426 1704 1636 1746 Publice
1657 1705 1691 1745 Ι.
1724 1705 1791 1747 De
1811 1705 1956 1746 morbis
1977 1720 2030 1746 ex
2050 1706 2163 1746 laesa
2184 1707 2313 1746 mente
2334 1705 2517 1747 oriundis

342 1770 512 1811 disseret
545 1771 652 1811 dieb.
686 1771 813 1811 Mero.
845 1777 886 1809 et
917 1770 1003 1809 Sat.
1036 1767 1074 1807 h.
1108 1782 1183 1809 1v..
1230 1768 1486 1809 Privatim
1506 1770 1566 1810 II.
1597 1770 1664 1810 De
1673 1768 1865 1820 febribus
1885 1773 1926 1810 et
1946 1770 2331 1826 inflammationibus
2352 1770 2520 1812 disseret

342 1835 550 1888 quaternis
582 1834 689 1875 dieb.
723 1835 762 1875 h.
795 1847 859 1874 1x.
924 1834 1007 1873 ΙΙΙ.
1043 1833 1281 1874 Vniversam
1312 1836 1522 1874 materiam
1553 1834 1747 1874 medicam
1779 1841 1954 1888 exponet
1986 1841 2130 1888 quater
2161 1848 2235 1888 per
2266 1834 2383 1874 hebd.
2416 1835 2456 1875 h.
2479 1850 2518 1875 V.

468 1899 774 1940 HENRICVS
806 1897 1118 1939 ROBERTVS
1151 1897 1497 1948 GOEPPER'I',
1536 1898 1612 1939 Dr.
1648 1898 1699 1938 Ρ.
1733 1899 1784 1939 Ρ.
1817 1898 1870 1939 Ε.
1933 1898 2150 1939 Publice
2180 1898 2218 1938 l.
2267 1897 2333 1939 De
2355 1899 2518 1952 plantis

342 1965 653 2016 cryptogamicis
684 1963 855 2003 disseret
888 1961 992 2001 dieb.
1028 1961 1148 2001 Mart.
1182 1968 1223 2002 et
1256 1963 1357 2003 Ven.
1391 1961 1428 2000 h.
1464 1975 1521 2002 lv,
1586 1964 1849 2003 Privatim
1875 1962 1933 2002 ΙΙ.
1965 1963 2343 2014 Pharmacognosim
2360 1963 2519 2004 docebit

342 2034 484 2080 quater
509 2027 548 2066 h.
566 2039 631 2067 111.
686 2027 767 2067 III.
791 2026 1089 2078 Physiologiam
1104 2026 1342 2078 plantarum
1358 2025 1757 2066 demonstrationibus
1779 2028 2073 2080 microscopicis
2093 2027 2339 2067 illustratam
2360 2025 2518 2067 docebit

341 2090 446 2130 dieb.
479 2091 605 2130 Merc.
638 2098 680 2130 et
711 2091 797 2130 Sat.
832 2090 869 2129 h.
904 2104 942 2128 v.

469 2154 595 2193 CAR.
630 2154 744 2193 IVL.
777 2153 930 2194 GVIL.
965 2152 1014 2191 P.
1051 2152 1280 2201 REMER,
1312 2152 1389 2193 Dr.
1415 2152 1464 2192 P.
1488 2152 1538 2192 Ρ.
1562 2152 1612 2192 Ε.
1636 2153 1732 2194 Des.
1797 2152 2013 2194 Publice
2045 2153 2079 2192 Ι.
2113 2153 2180 2194 De
2211 2153 2357 2192 morbis
2377 2153 2516 2206 syphi-

341 2216 467 2256 liticis
490 2216 660 2257 disseret
683 2217 787 2257 dieb.
810 2216 937 2256 Merc.
960 2222 1001 2255 et
1022 2216 1107 2256 Sat.
1130 2215 1170 2256 h.
1194 2229 1265 2255 111.
1330 2217 1591 2256 Privatim
1612 2217 1671 2257 II.
1705 2216 1857 2258 Cursus
1889 2219 2163 2270 operationum
2195 2217 2516 2270 chirurgicarum

334 2283 497 2332 partem
512 2283 692 2332 priorem
716 2286 980 2333 persequetur
1003 2278 1106 2319 dieb.
1131 2279 1237 2319 Lun.
1261 2278 1381 2319 Mart.
1405 2280 1488 2319 Iov.
1513 2281 1612 2320 Ven.
1632 2280 1668 2321 h.
1688 2294 1766 2321 vn.
1784 2288 1879 2321 mat.
1944 2281 2028 2322 ΙΙΙ.
2061 2281 2127 2322 De
2148 2283 2294 2320 ossium
2306 2279 2515 2332 fracturis

341 2347 380 2383 et
413 2345 689 2384 lucrationibus
721 2342 890 2383 disseret
924 2341 1026 2382 dieb.
1061 2342 1186 2383 Merc.
1220 2352 1261 2384 et
1293 2344 1378 2384 Sat.
1412 2343 1448 2383 h.
1484 2357 1556 2384 vn.
1590 2351 1684 2384 mat.

467 2407 726 2448 IOANNES
759 2406 1052 2447 AVGVSTVS
1074 2406 1418 2455 BVRGHARD,
1451 2408 1525 2447 Dr.
1591 2410 1776 2449 Gratis
1798 2409 1834 2449 I.
1867 2408 1933 2450 De
1954 2408 2099 2448 morbis
2122 2406 2324 2459 infantum
2346 2407 2514 2449 disseret

341 2472 399 2511 bis
432 2486 508 2525 per
543 2471 658 2512 hebd.
692 2471 729 2511 h.
763 2470 843 2511 des.
910 2470 970 2510 II.
1004 2470 1365 2511 Examinatorium
1396 2470 1446 2510 de
1475 2474 1646 2525 singulis
1678 2475 1783 2513 artis
1814 2472 2070 2513 obstetriciae
2098 2473 2300 2525 capitibus
2331 2472 2513 2512 instituet

338 2535 397 2574 bis
431 2550 503 2589 per
536 2535 653 2576 hebd.
688 2535 726 2575 h.
761 2534 841 2575 def.
906 2535 1162 2576 Privatim
1193 2535 1275 2577 III.
1326 2537 1588 2587 operationes
1620 2537 1873 2577 obstetricias
1904 2540 1946 2577 in
1972 2537 2237 2590 phantomate
2267 2535 2513 2577 exercendas

339 2598 628 2640 demonstrabit
657 2598 838 2653 quotidie
861 2598 898 2637 h.
922 2598 1003 2638 def.
1068 2599 1333 2640 Privatiss
1344 2603 1434 2640 ime
1455 2601 1527 2640 IV.
1561 2602 1640 2651 Iis,
1672 2602 1739 2656 qui
1763 2605 1893 2641 artem
1912 2601 2185 2641 obstetriciam
2205 2604 2431 2642 universam
2450 2600 2515 2640 vel

337 2663 500 2715 singula
533 2667 619 2704 eius
651 2666 792 2716 capita
813 2662 1035 2702 exercendo
1067 2666 1248 2715 repetere
1278 2664 1465 2718 cupiant,
1498 2665 1667 2707 libenter
1698 2665 1846 2706 aderit.

466 2726 727 2768 CAROLVS
743 2726 1023 2767 GVILELM.
1043 2726 1250 2778 KLOSE,
1272 2728 1349 2768 Dr.
1383 2727 1562 2769 Gratis
1579 2729 1616 2770 I.
1659 2729 1725 2770 De
1739 2729 1893 2769 herniis
1908 2727 2076 2770 disseret
2091 2728 2212 2771 seme}
2222 2742 2295 2782 per
2311 2726 2424 2769 hebd.
2448 2726 2514 2769 die

337 2790 545 2830 Mercurii.
581 2791 637 2830 II.
657 2791 932 2842 Hippocratis
952 2790 1213 2842 Apleorismos
1228 2792 1458 2845 explanabit
1479 2793 1599 2832 semel
1618 2807 1691 2847 per
1709 2793 1827 2834 hebd.
1850 2793 1916 2832 die
1936 2793 2114 2833 Saturni.
2160 2791 2410 2833 Privatim
2427 2791 2511 2832 III.

337 2854 402 2894 De
434 2854 582 2895 morbis
613 2855 857 2907 chirurgicis
879 2856 1207 2908 inflammatoriis
1230 2855 1398 2896 disseret
1419 2864 1561 2909 quater
1583 2872 1655 2910 per
1685 2857 1803 2898 hebd.
1834 2857 1937 2897 dieb.
1962 2857 2068 2898 Lun.
2092 2857 2213 2897 Mart.
2236 2857 2319 2896 Iov.
2342 2865 2383 2896 et
2409 2857 2510 2898 Ven.
